2384 3942
173 226 222 268 XV!
505 225 621 266 bredula*
634 224 748 266 laureis.

173 309 347 370 ultimarum
366 309 571 380 voluntatum,
591 316 625 368 ut
642 308 733 368 libros
753 327 771 367 a
788 307 926 370 defuncto
938 312 1075 385 relictos,

173 386 234 445 sive
251 398 355 446 eorum
370 385 519 457 lndicem,
535 386 592 445 illis
605 386 738 463 personis
750 385 924 464 deputandis
935 389 1076 462 afferant,

172 471 203 522 ct
219 463 255 523 ab
273 465 309 523 iis
325 464 473 523 licentiam
493 463 664 535 obtineant,
681 463 852 542 priusquam
871 463 913 522 eis
936 476 1076 542 utantur,
1184 500 1189 509 ·

173 541 265 602 autin
277 543 346 601 alias
355 557 492 617 personas
501 552 676 618 quacunque
684 542 799 601 untione
810 559 859 601 eos
871 543 1058 606 transferant

213 622 248 680 ln
267 617 312 676 his
330 625 429 676 autem
447 618 601 692 omnibus,
623 625 652 677 et
672 619 794 697 singulis
811 637 898 696 poena
916 626 1077 691 statuatur,

173 698 220 758 vel
239 694 401 755 amissionis
420 692 583 766 librorum,
597 697 645 755 vel
666 696 741 769 alia,
761 697 885 757 arbitrio
905 699 1078 759 eorumdem

174 774 405 852 Episcoporum,
427 774 474 832 vel
492 773 724 852 Inquisitorum‚
745 793 800 852 pro
819 774 958 853 qualitate
975 785 1079 836 contu·

174 850 273 914 maciae
285 893 294 920 ‚
308 850 354 908 vel
367 849 477 910 delicti.

210 927 295 986 ¹Circa
307 945 378 987 vero
391 927 483 988 libros
496 971 504 1000 ,
519 945 591 1005 quos
603 931 701 988 Patres
713 927 844 1008 deputati
864 936 915 986 aut
930 930 1078 990 examina·-

173 1011 259 1076 runt,
276 1013 327 1064 aut
345 1013 564 1084 expungnant,
584 1014 636 1065 aut
657 1005 859 1084 expurgandos
873 1006 1076 1079 tradiderunt,

172 1089 224 1143 aut
238 1083 325 1142 certis
337 1082 575 1153 conditionibus,
593 1091 628 1141 ut
647 1101 750 1142 rursus
761 1083 994 1156 excuderentur,
1008 1104 1078 1145 con-

173 1166 339 1233 cesserunt,
360 1159 504 1239 quidquid
517 1159 584 1220 illos
602 1160 735 1219 statuisse
754 1161 934 1234 constiterit,
949 1169 1010 1221 tam
1029 1164 1078 1222 Bi·

173 1236 329 1327 bliopolae‚
345 1254 434 1315 quam
447 1237 535 1298 ceteri
550 1238 716 1297 observent.

212 1314 351 1375 Liberum
367 1324 467 1374 tamen
485 1316 522 1374 sit
541 1315 710 1393 Episcopis‚
727 1324 778 1374 aut
788 1314 1014 1392 inquisitoribus
1025 1334 1074 1395 ge-

173 1392 348 1464 neralibus,
369 1392 530 1452 secundum
552 1393 739 1462 facultatem,
763 1410 851 1470 quam
877 1389 1006 1466 babent,
1028 1412 1078 1453 eos
1188 1446 1189 1453 ,

173 1469 262 1529 ctiam
281 1469 392 1542 libros,
414 1471 464 1560 qui
484 1467 530 1528 his
546 1468 665 1547 Regulis
683 1470 814 1547 permitti
830 1468 987 1541 videntur,
1004 1489 1078 1607 ppo-

172 1544 274 1606 bibere
287 1591 294 1619 ,
313 1548 337 1606 si
356 1545 412 1607 boc
425 1567 458 1606 rn
470 1547 530 1606 suis
543 1546 641 1624 regnis
652 1591 660 1619 ,
679 1555 730 1606 ant
748 1546 930 1626 provinciis,
943 1548 992 1607 vel
1027 1548 1078 1608 'oe-

170 1625 283 1684 cesibns
299 1624 436 1703 expedire
452 1623 659 1702 judicaverint.

210 1704 347 1764 Ceterum
366 1703 486 1762 nomina
499 1721 567 1761 cum
586 1701 752 1774 librorum,
774 1703 825 1780 qui
843 1721 859 1761 a
877 1703 1011 1763 Patribus
1028 1703 1079 1762 de-

170 1781 280 1858 putatis
301 1781 417 1860 purgati
444 1788 531 1854 sunt,
557 1788 624 1839 tum
648 1798 772 1851 eorum,
800 1781 907 1858 quibus
932 1781 976 1840 illi
1002 1778 1079 1840 hane
1160 1807 1168 1820 ·

170 1859 354 1936 provinciam
371 1857 516 1918 dederunt
531 1902 539 1930 ,
562 1858 736 1918 eorumdem
754 1858 963 1946 deputatorum
977 1858 1079 1916 Secre-
1178 1903 1181 1908 .

170 1936 262 1996 tarius
282 1937 402 1996 Notario
423 1954 511 1994 sacrae
531 1935 705 1992 universalis
715 1934 920 2008 ‘Inquisitionis
938 1935 1077 1993 Romana

171 2010 336 2091 descripta,
351 2011 530 2070 Sanctissimi
542 2010 663 2068 Domini
681 2009 781 2068 Nostri
793 2007 876 2085 jussu
892 2007 998 2067 tradat.

209 2087 255 2147 Ad
268 2097 433 2146 extremum
446 2104 518 2145 vcro
530 2085 668 2144 omnibus
679 2085 826 2144 Fidelibus
838 2085 1026 2163 praecipitur,
1040 2105 1078 2146 ne

171 2165 237 2240 quis
248 2164 353 2223 audeat
366 2171 465 2224 contra
477 2161 584 2221 harum
596 2163 774 2242 Regularum
786 2162 990 2240 prescriptum
1002 2206 1010 2236 ‚
1027 2174 1078 2224 aut

172 2239 260 2377 papus
275 2241 381 2301 Indicis
393 2238 645 2320 prohibitionem,
660 2241 752 2300 libros
765 2241 877 2318 aliquos
896 2240 992 2318 legere
1004 2283 1012 2313 ,
1026 2250 1078 2301 aut
1138 2307 1143 2316 ¹

194 2336 210 2376 a
232 2337 292 2378 ere.

212 2396 297 2468 Quod
306 2396 330 2454 si
341 2396 406 2473 quis
415 2395 507 2455 libros
515 2395 726 2456 lloereticornm
737 2441 744 2465 ‚
755 2396 801 2455 vel
815 2393 941 2472 cujusvis
951 2395 1077 2455 auctoris

173 2473 297 2552 scripta,
316 2473 354 2533 ob
365 2471 499 2533 haercsim
511 2516 519 2544 ,
532 2473 579 2532 vel
593 2473 632 2533 ob
649 2473 712 2533 falsi
726 2473 869 2552 dogmatis
881 2471 1076 2550 suspicionem

173 2549 329 2622 damnata,
341 2559 429 2628 atque
441 2549 588 2629 prohibita
600 2551 724 2629 legerit,
738 2552 799 2610 sive
810 2548 965 2621 babuerit,
977 2550 1076 2610 statim

173 2627 205 2688 in
217 2627 526 2689 excommunicationis
537 2628 712 2688 sententiam
727 2629 869 2688 incurrat.

212 2706 269 2780 Qui
289 2725 358 2766 vero
378 2705 468 2764 libros
487 2705 544 2764 alio
563 2705 684 2765 nomine
700 2705 869 2767 interdictos
886 2703 1008 2782 legerit,
1026 2712 1077 2764 aut

173 2782 327 2873 babuerit,
338 2790 444 2875 proeter
457 2784 565 2860 peccati
575 2783 706 2871 mortalis
715 2792 830 2844 reatum
841 2828 849 2859 ,
862 2800 920 2861 quo
931 2780 1074 2856 afficitur,

169 2862 280 2940 Judiuio
293 2865 504 2941 Episcoporum
515 2875 615 2922 severe
626 2868 777 2941 puniatur.
