2384 3942
405 0 828 149 ffqnqhgffn
860 0 1159 54 memoriae
1190 2 1251 53 et
1287 0 1606 55 devotioni.
1640 0 1831 76 (Decr.
1863 1 1940 59 26
1964 0 2149 60 Octo-

449 92 533 133 r1s
728 116 743 132 .

334 162 554 218 Roscoe
588 159 936 237 Guglielmo.
958 156 1149 231 Vitase
1178 156 1522 217 Pontificato
1559 158 1620 218 di
1655 163 1844 221 Leone
1870 164 1948 220 X.
1975 160 2146 221 Idem

414 237 577 317 Opus
602 236 856 296 tradotto
878 279 894 305 ‚
930 254 963 293 e
991 233 1292 293 corredato
1334 233 1396 293 di
1438 240 1838 310 annotazioni‚
1887 258 1921 297 e
1962 238 2146 298 dial-

412 314 551 372 cuni
591 312 928 373 documenti
976 311 1179 369 inediti
1229 311 1335 387 del.
1366 314 1550 372 Conte
1591 315 1727 375 Cav.
1770 316 1936 394 Luigi
1981 317 2142 376 Bossi

411 392 707 450 Milanese.
739 392 932 469 (Decr.
958 390 1033 448 26
1054 388 1245 447 Martii
1275 389 1474 466 1825.)
1528 408 1530 411 ’

336 476 548 536 Roselli
582 480 766 535 Anna.
802 472 943 536 Vide
970 474 1024 531 la
1061 470 1341 533 schiaviti'i
1372 475 1526 533 delle
1550 474 1766 537 donne.

335 553 576 613 Rosellis
618 552 929 630 (Antonius
969 549 1063 627 de)
1103 550 1394 609 Aretinus.
1425 554 1755 622 Monarchia
1782 598 1797 626 ‚
1837 556 1959 614 sive
1996 558 2149 614 Tra-

416 638 601 688 ctatus
625 630 698 689 de
719 636 1000 707 potestate
1017 628 1388 705 Imperatoris
1414 637 1472 687 et
1495 632 1691 708 Papae,
1716 641 1774 691 et
1798 631 1871 691 de
1895 634 2147 692 materia

403 708 831 766 Conciliorum.
861 708 1057 765 Donec
1094 713 1470 786 expuryetur.
1503 706 1656 785 (Ind.
1683 708 1874 788 Trid.)

338 794 664 852 Rosenerus
691 836 707 864 ,
736 791 995 851 Andreas
1019 789 1493 880 christophorus.
1520 792 1852 853 Thesaurus
1875 795 2147 853 locorum

414 870 817 929 communium
842 870 874 930 J
878 870 1000 928 uris
1042 868 1330 927 rudentiae
1347 886 1418 926 ex
1430 870 1815 930 axiomatibus
1831 873 2145 949 Augustini

416 946 683 1007 Barbosae
703 992 719 1020 ‚
772 956 831 1007 et
874 951 995 1006 Ana
1021 946 1160 1004 ectis
1209 944 1345 1004 Joh.
1398 946 1628 1007 Ottonis
1677 948 1949 1020 Taboris‚
2000 950 2147 1009 alio-

416 1041 671 1102 rumque
701 1025 1102 1085 concinnatus.
1126 1021 1321 1101 (Decr.
1347 1024 1420 1082 17
1451 1026 1585 1083 Maii
1604 1026 1804 1104 1754.)

341 1108 544 1168 Rosier
573 1112 763 1189 Hug0.
791 1108 932 1172 Vide
955 1110 1200 1167 Sureau.
1778 1129 1789 1137 ·

340 1186 593 1246 Rosinus
614 1186 1088 1246 Bartholomaeus·
1115 1184 1167 1262 (1
1194 1186 1282 1243 Cl.
1311 1186 1443 1245 Ind.
1473 1186 1639 1246 Trid.

343 1264 486 1323 Ross
513 1263 858 1324 Alexandre.
897 1265 1001 1322 Les
1028 1262 1324 1341 Religions
1363 1262 1444 1323 du
1483 1266 1619 1324 Mon
1661 1284 1694 1324 e
1723 1310 1738 1338 ,
1776 1284 1855 1325 ou
1896 1265 2146 1327 demon-

417 1344 665 1402 stration
692 1342 765 1401 de
788 1350 977 1401 toutes
1003 1341 1088 1399 les
1126 1340 1420 1419 Religions
1455 1350 1513 1401 et
1552 1342 1850 1414 HeresieS‚
1891 1343 2147 1404 traduite

419 1437 527 1496 par
553 1419 807 1479 Thomas
830 1420 885 1479 la
910 1420 1086 1479 Grue.
1121 1416 1316 1496 (Decr.
1355 1420 1431 1478 22
1465 1420 1625 1480 Junii
1649 1421 1848 1498 1676.)

345 1505 539 1564 Rossel
576 1504 810 1584 loseph.
858 1507 1158 1564 Tractatus
1177 1548 1191 1576 ,
1234 1504 1356 1563 sive
1400 1504 1593 1581 praxis
1632 1505 1966 1585 deponendi
2009 1525 2147 1568 con·

448 1583 723 1642 cientiam
749 1584 811 1642 in
849 1582 1042 1642 dubiis
1078 1590 1137 1641 et
1176 1577 1462 1660 scrupulis
1483 1626 1498 1651 ,
1529 1583 1678 1642 circa
1713 1602 1874 1644 casus
1902 1585 2148 1644 morales

424 1661 891 1722 occurrentibus,
925 1659 1119 1737 (Decr.
1149 1659 1225 1718 27
1247 1660 1381 1717 Maii
1406 1659 1606 1737 1687.)

347 1747 594 1806 Rossetti
618 1746 905 1806 Gabriele.
926 1746 1089 1805 Sullo
1124 1744 1330 1821 spirito
1355 1745 1476 1803 anti
1519 1746 1681 1824 apale
1702 1789 1717 1817 ,
1737 1744 1843 1805 che
1865 1728 2152 1824 produsse

422 1823 478 1882 la
526 1824 768 1884 risorma
793 1867 808 1895 ‚
858 1842 891 1882 e
944 1824 1092 1881 sulla
1137 1830 1358 1900 segreta
1408 1822 1471 1881 in
1516 1841 1698 1881 uenza
1749 1821 1854 1882 che
1905 1821 2149 1883 esercito

423 1900 576 1959 nella
607 1902 964 1960 Letteratura
1004 1900 1294 1975 d'Europa
1323 1925 1339 1969 ‚·
1371 1916 1404 1957 e
1438 1901 1848 1979 specialmente
1889 1889 2114 1960 d’ltalia
2132 1945 2149 1972 ‚

425 1986 537 2037 etc.
566 1976 759 2055 (Decr.
789 1979 823 2037 5
852 1978 1096 2056 Augusti
1132 1976 1332 2053 1855.)

345 2094 426 2106 --
463 2060 691 2121 Iddio'e
722 2062 965 2122 l’uomo.
1002 2062 1246 2121 Salterio
1273 2062 1332 2121 di
1357 2064 1622 2124 Gabriele
1651 2065 1925 2125 Rossetti.
1952 2064 2148 2143 (Decr.

427 2140 501 2198 14
520 2139 822 2198 Februarii
853 2137 1053 2215 1857.)

348 2225 612 2283 Rossetto
657 2224 873 2284 Pietro.
925 2224 1207 2283 Esercizio
1262 2225 1353 2284 de'
1381 2226 1679 2286 Sacerdoti
1718 2225 1906 2287 diviso
1949 2226 2015 2286 in
2063 2237 2152 2287 tre

429 2302 608 2362 Parti.
638 2299 831 2379 (Decr.
856 2303 884 2359 1
911 2302 1053 2361 Julii
1082 2302 1284 2439 1695.)
1569 2380 1582 2392 ⁰

352 2377 783 2439 Rotembucher
808 2382 1101 2439 ErasmuS.
1132 2379 1184 2472 (1
1217 2382 1258 2441 C
1290 2423 1303 2437 .
1329 2378 1459 2438 Ind.
1480 2378 1674 2458 Trid.)

352 2457 817 2517 Rottenstaedter
869 2455 1160 2535 (Ca‘etam
1197 2458 1336 2534 de).
1384 2459 1470 2515 De
1520 2457 1731 2516 Divina
1781 2458 2189 2520 institutione·

432 2536 737 2595 Pastorum
785 2553 962 2594 secun
1006 2535 1024 2592 i
1065 2535 1300 2594 Ordinis
1349 2533 1421 2592 ad
1465 2533 1785 2612 Josephum
1832 2537 1918 2606 11,
1955 2538 2152 2616 Augu-

428 2621 607 2672 stum.
634 2612 859 2682 Ticini,
890 2612 1062 2672 1788.
1092 2612 1464 2671 Accesserant
1482 2610 1695 2671 Theses
1717 2656 1732 2680 ,
1759 2630 1902 2689 quas
1929 2617 2153 2693 magnis

370 2695 376 2704 “
428 2690 538 2749 sub
580 2690 850 2769 auspiciis
886 2687 1123 2768 Josephi
1153 2689 1246 2757 11,
1284 2688 1560 2766 Augusti,
1589 2689 1652 2748 in
1685 2690 2153 2767 Regio-Caesareo

430 2765 910 2845 Archigymnasio
946 2766 1240 2826 Ticinensi
1277 2764 1350 2823 ad
1374 2766 1790 2843 assequendam
1829 2768 1890 2824 S.
1920 2768 2152 2839 Theol.,

433 2854 492 2903 et
523 2846 681 2903 Juris
715 2845 990 2905 Canonici
1026 2845 1287 2903 lauream
1308 2845 1476 2901 Anno
1505 2862 1859 2903 mncctxxxvi
1882 2888 1898 2917 ,
1938 2845 2037 2905 die
2083 2849 2154 2906 19

430 2921 592 2981 Junii
640 2922 873 2999 publice
926 2920 1186 2981 defendit
1237 2918 1542 2996 Cajetanus
1583 2921 1735 2981 Nob.
1779 2920 1853 2979 de
1911 2923 2155 2984 Rotten-

430 2998 681 3058 staedter
714 3000 920 3077 Styrus
946 2998 1259 3059 Graecensis
1286 2998 1609 3077 Imperialis
1640 2998 1879 3075 Collegii
1915 3000 2156 3060 Germa-

434 3075 549 3134 nici
595 3083 655 3134 et
703 3075 1018 3155 Hungarici
1066 3076 1372 3135 Alumnus.
1434 3076 1582 3134 Cum
1625 3073 2155 3139 dissertatiunctdis

428 3150 687 3231 adjectis·
714 3151 907 3231 (Decr.
931 3154 969 3211 2
990 3153 1231 3231 Augusti
1258 3150 1457 3227 1790.)

352 3226 758 3287 Rothmannus
786 3229 1138 3289 Bernartius·
1168 3229 1222 3307 (1
1253 3229 1339 3289 cl.
1373 3229 1503 3288 Ind.
1528 3226 1718 3305 Trid.)
