2384 3942
57 867 79 912 d

292 779 569 880 carnunto
609 777 822 879 antron

113 1029 192 1114 m.
218 1033 436 1115 anonas
463 1034 778 1117 susumus
801 1033 1010 1114 unauna

370 1274 484 1312 onoma
501 1273 748 1324 Pffllffl'osslll,

191 1462 260 1515 stc.
272 1463 554 1518 contumulatus
572 1463 688 1517 tuotcts
704 1460 937 1516 stantunus.

139 1817 308 1914 'Distractis
331 1849 613 1914 IndicisLibrorum
622 1849 840 1935 prohibitorum
859 1858 1013 1935 postrema

109 1933 246 1998 editionis
258 1939 333 2000 anni
344 1939 420 1999 1819
438 1931 670 2019 exemplaribus,
688 1955 797 1998 nouam
815 1933 913 2014 illius,
927 1955 1014 1996 man-

109 2019 198 2082 dante
214 2021 290 2082 SS¹³¹⁰
310 2027 352 2084 D.
366 2023 408 2084 Ν.
423 2023 567 2084 Gonaomo
591 2025 680 2101 XVI,
700 2023 881 2085 accuratiori
889 2067 898 2099 ,
916 2021 1014 2104 quoad

108 2103 208 2181 licuit,
223 2103 374 2170 sedulitate
387 2127 420 2169 ac
432 2106 529 2170 studio
543 2103 754 2170 elaborandam
764 2109 953 2190 suscepimus.
967 2111 1014 2170 Eo

108 2211 175 2255 oero
189 2192 266 2255 inid
283 2213 376 2276 opera
401 2191 568 2276 laborisque
587 2191 717 2255 alacrius
738 2191 918 2256 intendimus
927 2240 937 2270 ,
955 2213 1014 2276 quo

107 2287 136 2340 et
155 2281 371 2361 exposcentium
386 2277 586 2364 plurimorum
598 2281 691 2358 vods,
714 2288 743 2341 et
759 2279 814 2341 Rei
838 2286 901 2340 tum
928 2278 1013 2343 ctri-

107 2365 212 2426 stianae
235 2372 297 2426 turn
312 2365 399 2428 Civili
419 2364 465 2426 bis
485 2364 614 2425 manime
640 2364 817 2448 temporibus
832 2365 1012 2445 perturbata

107 2451 301 2532 opportunius
313 2448 520 2513 consuleretur.
535 2452 686 2532 lntepram
698 2452 790 2534 rpitur
800 2448 872 2510 dum
885 2450 932 2512 bie
939 2472 1013 2534 prc-

23 2579 24 2586 .
107 2537 217 2597 mimus
235 2536 394 2598 librorum
409 2537 502 2597 vetita
515 2534 555 2596 ad
573 2534 651 2596 banc
671 2555 763 2618 usque
783 2534 860 2597 diem
870 2538 1014 2600 Lectionis

107 2623 210 2684 seriem
218 2668 227 2698 ,
243 2621 376 2685 methodo
386 2623 502 2704 pariter
525 2641 558 2684 ac
571 2623 704 2699 ratione,
717 2641 784 2705 qua
804 2623 903 2705 aptior
925 2633 1013 2706 atque

106 2707 268 2790 expeditior
277 2707 433 2784 videretur,
442 2728 497 2791 per
508 2727 600 2791 quarn
612 2707 737 2786 addicti,
750 2727 817 2770 eam
825 2709 1013 2791 potissimum

106 2791 329 2856 cmscctandam
345 2813 410 2877 pree
435 2790 557 2876 reliquis
572 2794 773 2872 instituimus,
796 2814 888 2877 quam
901 2793 1013 2855 Indicis

20 2927 22 2932 .
107 2880 276 2942 anni1758
299 2875 389 2940 ueluti
414 2898 573 2955 namucno,
595 2877 711 2942 celebris
733 2877 804 2942 olim
830 2879 964 2942 doctrina
985 2885 1014 2936 et

106 2964 269 3028 eruditione
291 2966 344 3026 Vir
354 2968 406 3024 Fr.
427 2965 554 3026 Tleomas
565 2966 749 3048 Aupustinus
764 2961 933 3024 Riooleinius
956 2961 1012 3021 Sa-

106 3069 160 3112 cra
173 3046 307 3132 ejusdem
326 3047 436 3110 Indicis
456 3051 695 3132 Conpreputionis
709 3069 729 3109 a
740 3047 862 3108 Secretic
881 3042 1014 3126 eapesuit

107 3133 150 3198 bis
162 3135 227 3217 sere
241 3131 356 3192 uerbis:

149 3268 162 3297 o
184 3243 226 3302 In
239 3236 350 3320 primis
370 3236 467 3298 Indici
477 3239 615 3300 uniuersa
627 3258 693 3298 cum
705 3233 833 3320 Repulas
853 3240 947 3322 ipsius
961 3245 1015 3303 In-

106 3326 178 3391 dicis
196 3327 397 3386 Sacrasanctoe
409 3319 521 3402 Synodi
540 3321 719 3384 Tridentino
726 3323 816 3406 jussu
828 3324 920 3388 editas
928 3372 937 3402 ,
954 3336 1017 3388 turn

106 3413 224 3476 easdem
243 3410 277 3470 in
288 3405 415 3491 Repulas
433 3406 664 3487 obseruationes,
685 3429 750 3493 qua
765 3409 917 3474 Clenuntis
938 3415 1019 3477 VIII

107 3507 133 3558 ct
145 3492 315 3559 Alexandri
331 3496 393 3557 VII
404 3494 574 3556 auctoritate
599 3494 733 3578 consectae
754 3508 846 3576 sunt,
867 3498 1015 3581 proemisi-

108 3605 193 3662 mus,
218 3601 281 3644 unc
301 3601 366 3644 cum
387 3579 515 3664 ejusdem
542 3578 695 3646 Clementis
710 3588 789 3648 VIII
807 3587 1012 3648 Instructione.
