2384 3942
368 0 516 85 ’ῖῖἑῖ
547 0 619 85 sn*
628 0 796 87 ‘1153'
817 0 1681 107 ἔεῑῖςῗὸιῖῑὲᾝῑεεῖἶιῖἆ“’“όρἷωῗ”
1708 0 2139 109 &offa-*5331

393 101 623 164 sandi-i.
675 106 850 183 (App.
880 105 1005 164 lnd.
1034 105 1228 183 Trid.)

316 183 588 246 Officium
631 207 879 266 parvum
919 191 1108 248 Bcatae
1140 190 1339 247 Mariae
1384 206 1615 266 semper
1648 189 1910 267 Virginis
1935 233 1950 260 ‚
1983 208 2134 266 quo-

398 264 541 324 tidie
573 266 940 325 recitandum
978 267 1040 325 in
1072 266 1364 326 honorem
1402 266 1529 343 ejus
1556 266 1949 325 Immaculata}
1981 270 2134 327 Con-

393 342 697 422 ceptionis.
760 343 1031 405 VenetiiS.
1076 345 1251 403 1759.
1288 344 1480 422 (Decr.
1520 344 1558 401 4
1602 344 1737 402 Maii
1769 343 1974 423 1742.)

318 429 587 489 Officium
620 448 872 518 paryum
899 432 961 489 in
988 430 1279 490 honorem
1300 432 1360 489 S.
1384 429 1620 507 loseph.
1658 430 1920 518 Brioeiae¹,
1952 430 2127 489 1608.

392 506 524 565 Slve
552 502 697 566 alibi
727 526 1099 587 impressum.
1143 509 1333 588 (Decr.
1370 509 1445 567 12
1477 507 1812 566 Decembris
1848 506 2052 584 1624.)

318 591 587 649 Officium
623 611 873 669 parvum
913 596 972 652 S.
1008 594 1213 671 Angeli
1260 593 1543 653 CustodiS.
1598 591 1849 653 Venetiis
1872 636 1893 666 ,
1945 594 2127 652 1611.

393 665 574 727 Aliud
610 668 682 729 ab
725 688 788 729 eo
824 668 980 750 quod
1009 672 1072 730 S.
1100 670 1477 751 congregatio
1516 667 1884 749 approbavit.
1926 670 2123 747 (Decr.

396 747 470 803 12
501 746 833 806 Decembris
875 748 1078 826 1624.)

319 831 592 891 Officium
629 833 963 909 quindecim
991 838 1339 895 Sanctorum
1376 834 1827 892 Auxiliatorum.
1858 832 2126 904 Brixiae,

396 911 570 968 1615.
611 910 807 989 (Decr.
853 914 927 971 12
962 913 1295 974 Decembris
1330 910 1532 989 1624.)

318 994 586 1053 Officium
626 996 687 1054 S.
727 995 1032 1075 Raphaelis
1054 997 1395 1075 Archangeli
1424 996 1642 1075 duplex
1681 1015 1816 1055 cum
1843 994 2085 1074 hymnis
2107 1039 2126 1066 ‚

395 1080 453 1131 ct
490 1073 836 1133 lectionibus
857 1076 1094 1133 secundi
1134 1074 1420 1135 Nocturni
1454 1094 1487 1132 a
1521 1092 1680 1132 sacra
1709 1074 1952 1132 Rituum
1975 1076 2125 1132 Con-

393 1151 729 1228 gregatione
763 1152 1094 1229 approbatis
1121 1196 1137 1222 ‚
1191 1162 1251 1211 et
1290 1152 1356 1210 in
1387 1169 1538 1209 nova
1565 1151 1949 1229 impressione
1985 1152 2130 1209 Bre—

395 1228 566 1286 viarii
602 1230 847 1287 Romani
891 1228 1272 1307 apponendis.
1335 1227 1617 1289 Monachi
1644 1273 1660 1300 ‚
1717 1229 1891 1286 1541.
1934 1227 2126 1306 (Decr.

397 1306 476 1364 22
513 1306 777 1364 «Ianuarii
819 1304 1022 1384 1642.)

320 1390 525 1449 Offizio
585 1390 1098 1452 dell'lmmacolata
1152 1392 1507 1452 Concezione
1582 1391 1733 1450 della
1792 1388 2129 1450 santissima

397 1469 654 1547 Vei-gine
690 1479 887 1528 nost-ra
919 1471 1162 1549 Signora
1189 1515 1205 1539 ,
1244 1477 1563 1549 approvato
1589 1468 1683 1527 dal
1710 1469 1947 1527 Sommo
1972 1467 2131 1525 Pon-

396 1545 566 1605 tefice
607 1547 782 1607 Panlo
830 1567 868 1608 v
904 1592 920 1619 ,
962 1550 1004 1607 il
1057 1548 1231 1626 quale
1268 1568 1301 1606 a
1342 1546 1434 1606 chi
1481 1546 1885 1605 devotamente
1925 1544 1982 1603 lo
2033 1561 2130 1601 re-

396 1623 574 1683 citera
607 1668 623 1695 ,
676 1626 927 1685 concede
959 1625 1311 1705 Indulgenza
1360 1625 1420 1685 di
1468 1632 1638 1683 cento
1692 1623 1909 1701 giorni.
1961 1618 2131 1707 Quod

401 1697 674 1780 Officium
699 1703 910 1783 incipit
943 1727 964 1762 .-
998 1703 1088 1762 Ad
1127 1703 1503 1762 Matutinum.
1539 1702 1661 1760 Ave
1697 1701 1899 1759 Maria.
1938 1717 1998 1757 v.
2028 1699 2129 1773 Ela

396 1797 526 1836 mea
571 1779 720 1837 labia
781 1798 941 1838 nunc
984 1781 1356 1839 annunciate.
1413 1782 1497 1838 Et
1541 1776 1758 1838 desinit
1796 1795 1929 1835 cum
1988 1794 2128 1834 ora-

401 1855 556 1913 tione
590 1879 611 1914 .-
648 1860 800 1915 Deus
827 1901 843 1927 ‚
895 1857 996 1933 qui
1038 1876 1145 1935 per
1186 1858 1623 1917 Immaculatam
1664 1854 1923 1990 Virginis
1975 1854 2133 1913 Con-

399 1932 730 2008 ceptionem
759 1977 775 2004 ‚
814 1942 924 1992 etc.
967 1933 1156 2011 (Decr.
1203 1935 1276 1993 17
1313 1933 1614 1994 Februarii
1656 1931 1766 1990 167
1814 1930 1855 2009 .)

322 2014 525 2074 Offizio
556 2015 618 2074 di
660 2018 840 2081 Maria
871 2018 1149 2096 vergine.
1198 2016 1341 2080 Vide
1366 2018 1599 2077 Bonini.

323 2090 599 2151 Offrande
642 2112 755 2151 aux
788 2096 987 2153 Autels
1019 2105 1077 2154 et
1106 2094 1139 2154 a
1177 2095 1232 2153 la
1262 2095 1456 2153 Patrie
1481 2140 1496 2167 ‚
1540 2101 1851 2154 contenant
1894 2091 2132 2152 defense

398 2170 480 2229 du
515 2168 987 2243 Christianisme‚
1024 2190 1102 2232 ou
1139 2172 1457 2232 refutation
1490 2172 1570 2232 du
1602 2171 1875 2250 Chapitre
1913 2190 2020 2231 vui
2048 2171 2130 2230 du

401 2250 641 2307 Contrat
672 2249 847 2308 social
886 2271 904 2308 ι
944 2252 1200 2310 Examen
1228 2249 1554 2328 historique
1580 2250 1680 2309 des
1754 2258 1921 2308 uatre
1944 2248 2131 2308 beaux

399 2324 609 2386 Siecles
650 2326 726 2386 de
788 2328 1085 2387 Monsieur
1130 2328 1207 2387 de
1248 2328 1507 2387 Voltaire
1551 2350 1566 2385 z
1615 2329 1791 2400 Ques
1844 2335 1977 2385 sont
2047 2326 2133 2385 les

401 2423 648 2482 moyens
677 2406 756 2464 de
778 2405 928 2464 tirer
965 2425 1045 2464 un
1089 2408 1206 2465 Peu
1252 2406 1308 2464 le
1358 2406 1435 2465 de
1492 2424 1550 2464 sa
1589 2404 1932 2481 corruption
1962 2448 1978 2475 ‚
2022 2422 2134 2481 par

402 2485 482 2541 M.
517 2483 658 2541 Ant.
688 2485 818 2560 Jaq.
860 2485 1142 2542 Koustan.
1190 2483 1210 2562 (
1264 2501 1380 2541 ecr.
1429 2485 1505 2542 14
1542 2482 1679 2541 Maii
1720 2481 1921 2559 1779.)

325 2567 570 2646 Ogerius
614 2572 827 2626 DanuS.
861 2568 1114 2627 Fabuloe.
1162 2567 1318 2646 (lnd.
1348 2567 1539 2646 Trid.)

326 2646 498 2704 Ohne
524 2644 806 2704 ChristuS.
850 2643 993 2706 Vide
1025 2645 1211 2704 Fuchs
1245 2645 1534 2723 Aloysius.

327 2731 736 2811 Oldenburger
783 2729 1109 2809 (Philippus
1139 2730 1438 2808 Andreas).
1468 2732 1734 2790 Manuale
1789 2729 2131 2807 Principum

403 2807 870 2868 Christianorum
894 2852 908 2876 ‚
951 2810 1012 2867 in
1054 2827 1171 2886 quo
1216 2826 1426 2869 eorum
1461 2827 1597 2867 vera
1640 2808 1884 2868 felicitas
1918 2807 2131 2886 depin-

403 2885 583 2963 gitur.
634 2886 822 2966 (Decr.
865 2886 941 2946 18
980 2886 1113 2945 Maii
1147 2885 1348 2963 1677.)

324 2996 402 3004 —-
440 2961 770 3023 Thesaurus
802 2966 1022 3022 Rerum
1057 2963 1429 3041 publicarum
1462 2966 1639 3024 totius
1666 2963 1843 3023 Orbis
1891 2961 2137 3041 quadri.-

444 3040 670 3100 artitus.
719 3040 908 3119 (Decr.
941 3041 1018 3099 50
1042 3041 1182 3099 Julii
1211 3041 1411 3117 1678.)

328 3114 399 3173 01
440 3118 717 3193 encastel,
746 3135 850 3177 seu
879 3116 1162 3178 Oldcastel
1200 3117 1496 3196 (Joanncs)
1526 3118 1767 3198 AngluS.
1796 3116 1848 3196 (1
1882 3118 1965 3176 Cl.
1997 3116 2140 3174 lnd.

406 3193 603 3270 Trid.)
