2384 3942
335 489 788 592 oesonvotlonps

389 741 426 776 At>
443 739 576 778 REGULA!
593 741 726 778 ΒῑῦΙΙΔΙ

164 940 593 1043 bbssdbfflffibb
615 940 822 1038 idm
842 941 947 1038 aab

418 1177 528 1238 JUSSU
544 1175 705 1235 ADDITAE.

523 1382 601 1392 ——n-

89 1608 92 1617 Ι
147 1525 373 1590 Observandum
395 1537 438 1589 est
449 1530 525 1590 circa
536 1525 682 1610 Repalam
701 1526 861 1603 decimam,
876 1527 955 1609 qnod
965 1528 1015 1589 de·

103 1629 201 1702 pentes
214 1621 247 1680 in
270 1627 349 1680 stata
362 1620 430 1680 Sodi
447 1619 617 1702 Apostolicoe
636 1619 777 1698 mediate,
791 1619 836 1681 oei
845 1621 1011 1682 immediate

105 1712 233 1792 subjecto
250 1729 311 1769 non
324 1720 448 1790 possunt
467 1716 662 1774 transmittere
683 1711 773 1775 libros
796 1735 815 1773 a
830 1733 859 1774 se
874 1716 1014 1796 composi-

107 1799 263 1878 tos,‘alibi
287 1801 516 1888 imprimendos,
534 1804 596 1864 sinc
620 1823 759 1884 expressa
781 1804 1013 1884 approbatione,

104 1900 190 1961 etin
213 1899 330 1980 scriptis
359 1899 613 1976 Eminentissimi,
642 1920 676 1960 aa
704 1893 947 1961 Reverendissimi
974 1905 1015 1961 D.

105 1990 279 2054 Cardinaiis
302 1991 491 2053 Sanctissimi
506 1994 633 2054 Domini
639 1995 745 2056 Nostri
760 1993 872 2055 Vicarii
877 2039 887 2070 ,
911 1996 1019 2060 atMa

99 2086 279 2168 pistrisaori
290 2082 425 2161 Palatii,
451 2085 478 2146 si
490 2087 523 2146 in
550 2086 645 2164 Urbe,
667 2088 696 2148 si
717 2106 785 2148 vero
807 2094 892 2147 entra
914 2086 1017 2149 Urbem

42 2190 48 2203 '
101 2182 248 2257 existant,
263 2181 326 2242 sinc
351 2179 508 2243 Ordinarii
529 2180 584 2244 booi
604 2180 687 2244 illins
698 2230 708 2260 ,
731 2184 791 2244 sive
811 2181 907 2244 abbis
925 2181 1017 2265 depn-

104 2284 234 2336 totoram
255 2272 418 2355 facultate,
441 2284 469 2334 et
485 2273 602 2337 dicentia
623 2277 713 2358 Operi
732 2275 894 2358 infipenda.

145 2370 204 2446 Qai
220 2388 286 2430 aero
301 2387 388 2450 saper
400 2370 619 2449 impressionem
630 2367 774 2432 librornm
783 2417 793 2448 ,
813 2369 1009 2446 ordinariam,

103 2471 159 2524 ant
181 2459 343 2546 debepatam
369 2465 571 2525 anctoritatem
595 2472 747 2541 exercent,
773 2463 843 2525 dent
874 2483 1012 2547 operam,

103 2548 191 2610 nead
210 2568 332 2609 examen
355 2547 498 2611 bibrornm
518 2548 707 2632 bnjasmodi,
734 2568 877 2632 personas
896 2549 1015 2630 affectui

102 2645 265 2704 Amtoram
276 2641 489 2725 quomodolibet
504 2643 636 2704 addictas
645 2691 654 2721 ,
667 2645 833 2726 prasertim
853 2662 922 2704 vero
942 2661 1015 2725 pro-

102 2735 269 2818 pinquitate
282 2733 368 2813 ilios,
396 2745 451 2795 ant
476 2733 557 2811 abia,
582 2738 775 2817 quantamvis
789 2757 808 2796 a
827 2733 910 2818 bonpe
920 2736 1016 2816 petita

103 2848 138 2887 ea
155 2829 197 2889 sit
219 2828 308 2908 (veri,
336 2838 363 2890 et
384 2830 490 2891 sinceri
503 2827 614 2911 jodicii
637 2829 825 2911 corruptrice)
857 2827 1016 2888 necessita-

101 2922 169 2984 dine
195 2927 391 3006 continpentes
417 2926 578 2987 admittant
591 2949 602 2986 .·
616 2945 705 3007 saper
728 2926 830 2985 omnia
852 2930 952 2981 antem
977 2917 1015 2978 ab

101 3015 206 3079 oblatis
226 3018 281 3079 sibi
293 3021 326 3080 in
346 3020 422 3082 banc
443 3039 564 3102 operam
581 3039 637 3100 per
659 3018 772 3081 eosdem
790 3017 930 3076 Antores
950 3032 1016 3073 ren·
1083 3022 1086 3030 '

100 3110 218 3172 soribns
243 3120 383 3187 cooeont‚·
414 3111 464 3172 sed
487 3114 524 3173 iis
547 3111 666 3172 demam
691 3117 838 3182 ntantar,
867 3125 940 3186 qnos
963 3107 1015 3169 do-

101 3205 220 3279 ctrina,
243 3219 415 3284 moramque
436 3205 603 3282 intepritate
623 3202 780 3282 probatos,
805 3200 842 3262 ab
854 3203 937 3264 omni
964 3221 1015 3263 sn-

100 3297 230 3378 spicione
242 3295 348 3378 pratia
369 3296 514 3370 intactos,
529 3312 562 3353 ao
570 3339 580 3370 ,
594 3297 622 3354 si
631 3294 699 3378 fieri
704 3301 817 3374 potest,
836 3297 1012 3359 Aactoribas

101 3392 176 3471 ipsis
204 3392 336 3472 ipnotos,
366 3398 395 3450 et
409 3387 500 3450 anias
533 3387 612 3449 boni·
629 3386 757 3471 publici,
780 3395 894 3477 Deiqne
912 3391 1016 3476 pioria

100 3483 247 3546 studiosos
260 3485 455 3566 capnooerint.
479 3487 542 3560 an
555 3503 622 3545 vero
638 3483 678 3546 ad
696 3496 826 3550 auctores
840 3484 1012 3570 Repnbares,

101 3578 310 3661 rrcjmcnmqae
325 3579 447 3642 Ordinis
455 3625 464 3656 ,
481 3587 509 3638 et
521 3580 658 3643 instituti
680 3584 763 3660 sint,
783 3581 859 3644 iitnd
870 3589 1016 3664 praterea
