2384 3942
481 207 675 258 cousrtrurto.
933 210 1034 252 Xffl'll

129 301 219 353 reetae
238 309 356 353 morum
378 293 487 372 regule
499 291 724 361 labefactantur,
747 311 781 352 ac
803 295 902 369 vitiis,
925 304 954 356 ct
974 311 1040 355 cer·

129 369 256 450 ruptelis
279 370 408 431 fomenta
430 370 612 449 praebentur.
637 372 671 429 ln
691 367 738 430 his
759 372 842 431 enim
864 369 976 432 casibus
998 389 1039 432 ne

130 446 196 508 illas
219 447 362 525 quidem,
394 466 466 526 quas
501 465 590 526 supra
624 447 814 525 scripsimus,
848 449 1039 509 accuratiores

130 525 254 584 cautelas
268 524 408 585 adhibere
421 542 536 585 neeesse
556 525 635 600 erit3
654 523 705 584 sed
720 523 860 588 hoerctico
883 526 1037 605 dogmate,

130 603 174 662 vel
193 620 286 681 pravo
298 603 391 662 moris
405 602 595 662 incitamento
620 602 710 662 semel
731 614 898 683 comperto,
913 603 1038 683 proseri-

128 681 237 758 ptianis
271 680 423 740 decretum
453 680 532 740 illico
552 679 742 739 sanciendum
771 683 848 755 erit,
875 679 953 741 ‘uxta
975 681 1038 759 pri·

126 775 205 817 mam
221 801 230 830 ‚
253 757 412 818 secundam
427 801 435 827 ,
456 766 486 817 et
499 758 655 835 septimam
670 757 816 818 ludicisR
885 777 927 831 as,
941 776 1038 817 sacro-

123 836 218 896 sancti
240 835 410 895 Tridentini
424 836 545 895 Consilii
556 833 640 912 jussu
652 834 743 894 editas
757 879 765 907 ‚
784 844 872 915 atque
892 836 1036 915 vulgatas.

160 945 177 1028 S
198 946 250 1006 ll.
264 947 339 1006 Cum
352 945 384 1006 in
414 943 572 1006 raelaudata
585 945 818 1025 Congregatione
832 947 926 1005 sancti
939 944 1035 1005 Officii

123 1022 316 1084 severissimis
330 965 444 1103 legibus
459 1032 578 1084 cautum
599 1022 657 1095 sit,
673 1041 711 1082 ne
728 1022 765 1082 de
785 1024 872 1083 rebus
900 1022 1034 1101 ejusdem

123 1102 431 1181 Congregationisqui
466 1119 535 1162 uam
556 1118 625 1160 eum
651 1100 709 1160 alio
730 1109 812 1160 extra
829 1100 910 1161 illam
932 1100 1036 1178 loqua-

123 1185 193 1255 tur3
213 1196 265 1238 nos
289 1177 365 1238 hanc
385 1197 449 1238 eam
470 1197 518 1238 em
540 1177 651 1237 silentii
671 1177 766 1256 legem
788 1196 805 1236 a
829 1177 1032 1248 Relatoribus,

124 1256 367 1327 consultoribus,
392 1264 421 1316 et
442 1255 645 1317 cardinalibus
662 1256 724 1314 Con
761 1255 901 1332 egationis
927 1255 1034 1316 ludieis

123 1333 260 1413 religiose
276 1333 496 1396 custodiendam
507 1331 706 1412 praecipimus.
741 1331 810 1391 llius
822 1340 921 1392 taman
931 1333 1032 1392 Secre-

124 1412 384 1490 tariopotestatem
395 1412 534 1483 facimus,
558 1419 592 1470 ut
612 1408 878 1469 animadversiones
895 1411 927 1469 in
941 1408 1033 1470 libros

123 1505 255 1548 censurae
264 1488 408 1566 subjectos
423 1533 431 1561 ,
456 1505 559 1549 eorum
570 1486 757 1558 auctoribus,
772 1486 818 1545 vel
831 1487 896 1546 aliis
909 1487 1030 1546 illorum

124 1565 247 1624 nomina
271 1565 443 1643 agentibus,
466 1575 496 1626 et
518 1564 759 1646 postulantibus,
776 1563 832 1623 sub
858 1561 961 1624 eadem
979 1564 1031 1624 de-

124 1641 199 1698 creti
222 1641 286 1718 lege
308 1642 524 1701 communicare
543 1650 653 1718 queat3
673 1641 835 1719 suppressis
847 1658 964 1719 semper
978 1639 1031 1702 de-

126 1716 324 1786 nuntiatoris,
351 1717 728 1793 nemorisquenominibus.

168 1822 252 1904 §lb
273 1824 499 1897 Examinandis‚
520 1825 695 1902 corrigendi,
721 1843 758 1883 ue
773 1824 858 1884 libris
869 1841 1031 1902 peroppor-

126 1911 198 1962 tuna
210 1911 302 1974 sunt,
320 1922 387 1981 quoe
410 1903 508 1962 decem
530 1901 650 1979 Regalis
667 1903 700 1960 ln
723 1901 802 1960 ieisa
815 1900 951 1960 Patribus
964 1903 1031 1961 Tri-

122 1979 253 2041 dentinae
264 1981 375 2060 Synodi
391 1980 541 2051 confectis,
565 1988 654 2056 atque
674 1978 760 2038 editis
779 1980 979 2039 eontinentur.
994 1981 1028 2038 ln

123 2058 321 2118 lustruetione
330 2067 428 2118 autem
442 2057 532 2117 felicis
545 2056 757 2117 recordationis
773 2057 931 2117 Clementis
943 2059 1029 2137 Papae

122 2137 212 2208 Vlll,
228 2136 339 2196 eisdem
366 2135 483 2228 Regulis
495 2134 630 2213 adjecta,
656 2135 713 2194 Tit.
740 2133 776 2194 de
795 2135 966 2195 correctione
989 2131 1026 2195 ta·-

121 2211 265 2284 brorum,
286 2212 346 2294 ὃν,
368 2216 389 2272 Ε
412 2213 534 2292 acopis,
550 2222 580 2272 et
603 2214 637 2271 ln
679 2212 829 2272 isitoribus
848 2229 920 2271 cura
945 2230 1027 2272 eom·

120 2292 271 2360 mittitur,
293 2299 327 2351 ut
338 2290 375 2351 ad
391 2233 538 2351 iibrorum
558 2290 633 2349 eden
653 2307 740 2350 orum
753 2307 875 2350 examen
892 2297 1026 2370 spectate

117 2368 239 2448 pietatis
259 2365 530 2429 catecumenos
544 2366 718 2442 adhibeant,
742 2364 777 2426 de
797 2385 926 2460 qaorum
946 2364 1022 2447 fiae,

118 2454 148 2504 et
168 2446 336 2526 iateqritate
366 2445 423 2506 sibi
448 2442 579 2527 polliceri
596 2451 723 2526 queant,
747 2441 826 2505 nibal
848 2461 897 2505 eos
917 2446 1033 2524 pretim

119 2519 359 2597 daturos,‚nilril
381 2521 467 2598 edio,
491 2521 540 2582 sed
559 2522 643 2582 mani
662 2520 792 2581 tanam
817 2520 924 2603 affectu
999 2529 1025 2579 t-

119 2595 239 2674 habita,
257 2601 315 2661 Dei
330 2598 488 2660 dumtaxat
503 2595 631 2681 pluriam
655 2606 851 2679 spectaturos,
877 2605 907 2656 et
927 2539 1025 2677 mir

116 2673 224 2758 papali
236 2674 402 2738 utilitates.
423 2678 473 2736 llis
491 2694 580 2754 porro
601 2675 779 2742 virtutibus,
801 2675 952 2751 animique
969 2673 1023 2732 do-

120 2755 201 2814 tibus
215 2798 223 2826 ,
237 2754 261 2812 si
282 2772 343 2813 non
368 2753 491 2831 majori,
517 2761 547 2813 at
571 2753 635 2832 pari
661 2763 739 2812 certe
761 2751 798 2812 de
818 2770 919 2819 eausa,
946 2768 1024 2829 proe-

119 2841 208 2892 stare
221 2840 337 2910 oportet
356 2831 444 2909 hujus
462 2841 570 2892 nostrae
595 2829 833 2908 congregationis
851 2828 1023 2911 Revisoras,

120 2919 148 2970 et
164 2910 361 2970 Consulteras.
376 2913 509 2988 Cumque
533 2925 582 2969 eos
600 2925 722 2977 omnes,
748 2907 800 2982 qui
823 2921 904 2963 nunc
920 2901 1025 2976 hujus-

119 2986 202 3046 modi
224 3005 347 3046 munera
375 2988 528 3058 obtinent,
555 2987 628 3048 tales
655 3002 718 3066 esse
748 2981 1023 3068 nonnignoremus3

120 3063 304 3144 optandum,
320 3065 555 3141 sperandumque
567 3072 631 3132 est,
644 3079 706 3120 non
722 3055 870 3144 absimiles
887 3053 1025 3146 deinceps

119 3143 257 3211 futurae,
276 3142 327 3215 qui
339 3140 376 3197 ad
389 3141 420 3199 id
439 3140 604 3216 eligentur3
623 3136 759 3194 homines
784 3132 927 3190 nimirum
954 3142 1024 3192 vitm

121 3220 272 3298 integros,
305 3215 436 3293 probatae
454 3214 613 3281 doctrinae,
634 3220 751 3269 maturo
768 3207 900 3286 judicio,
927 3210 1024 3271 incor-

119 3307 211 3376 rupto
223 3293 350 3362 affectu,
371 3291 408 3350 ab
426 3290 508 3350 omni
527 3290 657 3366 partium
676 3285 795 3360 studio,
854 3305 1024 3348 rsonarum-

121 3393 181 3452 que
198 3370 365 3464 acceptione
377 3368 505 3442 alienam
520 3367 571 3444 qui
594 3366 781 3444 aequitatem,
799 3366 820 3424 li
858 3367 1025 3444 etatemque

119 3451 287 3527 judicandi,
309 3466 378 3508 eum
389 3445 563 3525 prudentia,
576 3451 606 3505 et
616 3442 749 3503 veritatis
759 3444 825 3504 zelo·
833 3441 1023 3520 conjungant.

123 3533 197 3588 Cum
217 3537 314 3590 autem
329 3542 432 3587 eorum
451 3541 591 3584 numerus
610 3540 689 3584 nunc
708 3531 804 3582 certus
817 3568 825 3593 ,
840 3528 870 3580 ct
882 3521 1010 3655 qrnstitu
