2384 3942
173 207 231 248 mn
466 205 610 248 eruentem
624 203 764 246 rurum

172 285 234 350 iltis
246 289 382 366 duent,
396 285 627 364 boumosoet3ei
642 294 740 348 autem
762 304 831 349 suos
848 291 1024 366 ubemur,
1046 292 1075 352 oi

174 361 312 429 cumillis
326 367 465 440 oisbset,
478 371 507 424 et
517 360 584 426 illos
597 365 863 445 contempsisset—
877 367 1074 439 Quanebren

174 441 316 518 firmum,
330 451 486 518 ratumque
502 441 542 502 sit
553 441 692 502 omnibus
706 486 715 514 ‚
735 441 787 520 qui
800 440 939 502 adversus
949 446 1076 509 oliorum

174 523 331 582 sententias
349 520 499 591 scribunt,
517 537 550 580 ee
578 520 751 598 disputent,
775 517 806 578 id
823 519 904 596 quod
924 525 1076 600 graviter,

174 617 208 659 ee
219 601 365 679 sapienter
376 615 392 656 e
405 598 479 658 Ven.
490 615 576 658 servo
589 599 643 658 Dei
655 597 865 676 predooersore
873 607 974 660 nostro
988 602 1077 661 lnno·

174 679 270 737 centio
294 677 370 752 Papo
395 675 437 732 xl
460 676 666 754 praeseriptum
684 675 772 735 estin
785 675 909 735 Decreto
932 675 1011 740 edito
1029 679 1078 738 die

174 751 299 843 seeundo
311 751 489 890 MoTrtppdenni
502 753 650 842 millesimi
662 753 863 815 sexcentesimi
872 754 1076 841 septuagesimi

175 849 195 890 n
216 850 245 890 nr
260 851 321 888 2-
363 848 382 890 a
424 847 469 890 ero
503 848 534 889 1n

174 849 262 967 odbus
278 908 415 968 Doctores
424 952 434 982 ,
452 873 503 970 so’u
512 850 682 969 Sdbolestiei
690 952 700 983 ‚
714 914 768 967 out
785 903 839 969 alti
850 906 1024 988 quietemque
1044 910 1078 970 in

172 989 323 1066 posterum
341 981 528 1060 abstineant,
546 984 674 1066 utpoot',
694 991 723 1046 et
737 983 877 1044 ctoritate·
894 981 1076 1061 metendam,

175 1057 253 1120 idem
279 1060 488 1123 Sanctissimus
513 1061 549 1122 io
573 1064 682 1125 uirtute
708 1068 817 1123 lambe
843 1058 1008 1123 obedientie
1036 1064 1079 1123 eit

172 1137 309 1219 precipit
319 1182 329 1214 ,
347 1144 383 1197 ut
394 1145 456 1200 tom
469 1138 501 1200 io
521 1135 605 1202 libro
622 1136 843 1220 imprimendo,
863 1157 897 1198 oe
914 1141 1079 1207 omouseri-
1126 1196 1135 1211 ,

172 1215 253 1295 ptis,
281 1233 372 1296 quom
392 1214 427 1276 io
449 1214 596 1293 thesibus,
619 1236 653 1277 ae
669 1213 945 1296 potueruntne,
959 1226 1081 1276 caueam

177 1289 214 1352 ab
237 1293 317 1354 omui
341 1310 485 1370 censure,
512 1301 541 1356 et
567 1303 658 1370 noto,
678 1311 790 1353 oeeooo
809 1312 829 1352 a
852 1291 1079 1374 quibuscumque

176 1369 311 1431 conviciis
334 1377 437 1430 metra
461 1389 510 1432 eos
533 1371 767 1452 propositiones,
791 1387 857 1450 quo
885 1367 981 1433 adbuc
1002 1370 1080 1430 inter

178 1443 339 1508 Cotbolieos
354 1454 628 1528 controvertuntur,
652 1446 741 1511 dobeo
752 1467 772 1506 a
790 1453 894 1508 sooeto
909 1443 980 1511 Sede
1002 1466 1080 1507 reeo-

174 1523 266 1662 poitoe
288 1524 350 1584 siut
359 1568 369 1599 ,
381 1531 410 1586 et
428 1543 516 1606 super
537 1524 578 1586 eis
587 1521 738 1606 juditium
746 1523 930 1605 proferetur.
942 1558 981 1567 -
992 1523 1081 1586 Cobi-

556 831 619 903 uit,
632 837 666 890 ut
686 829 723 892 ab
743 828 897 910 injuratos
920 832 1078 892 contemto·
1184 864 1185 885 ι

198 1608 282 1660 entur
303 1601 402 1680 itaque
422 1621 455 1661 en
476 1603 660 1680 Scriptorum
678 1601 819 1674 lieentia,
840 1603 912 1679 qui,
933 1611 967 1662 ut
985 1600 1081 1679 ajebat
1179 1614 1182 1623 '

177 1677 357 1757 Augustinus
370 1680 422 1738 lib.
438 1681 476 1740 lt
490 1680 574 1743 Goni.
590 1700 655 1759 eup.
669 1681 727 1752 25,
742 1698 826 1742 num.
841 1681 897 1752 ot,
908 1681 1082 1742 senentiam

177 1773 264 1816 suom
280 1765 430 1833 omorrtes,
445 1777 505 1818 ooo
521 1758 594 1839 quta
617 1775 687 1818 vero
710 1764 770 1833 est,
784 1755 834 1818 sed
852 1759 925 1838 quio
941 1775 998 1817 ouo
1016 1766 1079 1832 est,

176 1833 303 1895 oliorum
318 1835 471 1913 opiniones
491 1854 551 1904 non
580 1834 669 1896 modo
697 1835 887 1911 improbent,
910 1834 960 1896 sed
985 1835 1082 1894 illibe-

175 1911 277 1972 raliter
297 1913 386 1974 etiem
414 1921 537 1985 notent,
561 1920 650 1990 etque
681 1911 849 1974 traducunt.
876 1914 943 1972 Non
969 1910 1082 1971 feretur

176 1990 299 2048 omnino
312 2033 320 2062 ,
329 1991 460 2123 privatus
481 1991 662 2059 sententies,
684 1988 776 2075 veluti
797 1996 881 2076 perte
904 1985 1081 2075 aoudeiinito
1187 1964 1188 2019 ³

176 2065 311 2124 Ecclesiae
350 2075 465 2143 ogmetn
480 2109 488 2137 ‚
502 2083 518 2123 e
532 2083 591 2142 quo
614 2067 673 2125 iam
691 2064 723 2123 in
736 2063 820 2125 lrbrrs
833 2064 952 2124 obtrudi
967 2083 1007 2136 ‚o
1028 2085 1082 2144 po-

177 2141 232 2200 sita
248 2158 319 2200 vero
344 2144 453 2202 erroris
481 2143 569 2202 insim
636 2143 669 2217 i3
693 2159 753 2218 quo
773 2141 870 2202 turber
894 2142 925 2202 in
956 2085 1082 2204 Eoedesio

178 2218 365 2292 excitantur,
385 2218 504 2280 dissidio
523 2220 602 2283 inter
624 2221 764 2280 llootores
775 2228 826 2279 out
845 2226 1004 2292 seruntur,
1031 2230 1083 2281 eut

178 2293 336 2368 foventur,
364 2305 394 2356 et
421 2295 594 2360 Christiane
624 2296 773 2359 eharitatis
799 2297 917 2359 vineulu
951 2315 1083 2376 persepe

178 2369 285 2432 ebrum
306 2382 409 2434 untur.

229 2447 245 2528 §
306 2451 488 2529 ·Angelious
522 2449 690 2516 scholarum
710 2452 865 2530 prinoeps,
890 2452 1082 2530 Eeelesimque

178 2525 286 2588 Ductor
298 2528 328 2588 S.
341 2527 469 2592 Thomas
484 2529 632 2607 Aquinus,
646 2530 720 2591 dum
740 2539 785 2590 tot
807 2531 979 2621 conseripsit
1004 2549 1084 2590 nun·
1130 2591 1133 2598 ,

179 2621 269 2739 poem
284 2606 352 2666 sotis
365 2607 481 2668 laudate
492 2608 665 2681 volumine,
679 2606 774 2669 verius
788 2625 949 2668 necessario
961 2606 1085 2668 offendit

202 2679 446 2761 hilosophorum,
462 2683 739 2763 Theologorumque
759 2684 929 2762 opiniones,
947 2702 1019 2761 ques
1032 2701 1084 2742 ve-
1100 2733 1105 2743 .

179 2758 267 2820 ritate
285 2762 328 2824 im
349 2762 455 2830 ellente
478 2763 613 2824 refellere
629 2763 743 2824 debuit.
767 2763 883 2824 Ceteros
907 2780 979 2821 vero
1009 2761 1084 2821 tenti

180 2837 314 2908 Dootoris
329 2781 431 2908 brudeo
457 2839 486 2899 id
509 2840 686 2902 mirabiliter
707 2839 857 2910 cumulet,
876 2838 957 2916 quod
980 2836 1085 2897 edver-

180 2917 326 2981 seriorum
350 2918 499 2989 neminem
519 2917 750 2997 pervipendere,
770 2916 930 2987 rubere,
954 2923 1006 2976 out
1024 2924 1086 2976 tro·

180 2992 288 3058 ducere
301 2997 380 3058 visus
397 2997 435 3056 sit
445 3041 453 3070 ,
465 2995 515 3060 sed
531 3013 633 3056 omnes
645 2995 790 3065 officiose,
808 3013 841 3055 ue
861 2993 1086 3074 perhumaniter

180 3070 323 3136 demereri
334 3093 420 3151 3nom
431 3075 455 3134 si
466 3073 537 3151 quid
548 3073 673 3145 durius,
688 3072 877 3150 ambiguum,
890 3072 1087 3134 obseurumve

180 3167 284 3210 eorum
298 3152 383 3214 dietis
402 3153 551 3224 subesset,
571 3152 603 3214 id
628 3151 755 3221 leniter,
782 3150 851 3211 beni
893 3169 968 3229 eque
993 3150 1087 3211 iuter-

180 3227 342 3314 protendo,
357 3230 524 3292 emolliebat
538 3276 546 3302 ‚
566 3237 655 3308 etque
667 3229 840 3308 explieebet.
852 3170 1007 3289 {dautem
1016 3227 1086 3317 reli-

182 3304 277 3380 gronis
298 3323 330 3364 eo
344 3307 412 3366 fidei
433 3327 517 3370 ceusu
532 3308 718 3386 postulabat,
732 3315 766 3367 ut
785 3325 889 3366 eorum
908 3312 1087 3364 sententnm

182 3379 350 3458 exploderet
365 3427 373 3455 ‚
388 3402 421 3442 eo
437 3385 578 3445 reinteret
591 3429 599 3455 ,
611 3394 692 3446 tento
704 3383 735 3444 id
747 3383 903 3461 prestabat
919 3379 1062 3442 modestis
1077 3425 1086 3452 ‚

182 3464 216 3516 ut
232 3475 292 3518 non
306 3459 454 3520 minorem
466 3461 503 3522 ob
523 3462 558 3523 iis
571 3460 768 3524 dissentiendo
783 3504 791 3533 ,
804 3477 894 3536 quam
907 3457 1088 3518 Cotholienm

183 3533 337 3602 veritatem
371 3536 547 3612 asserendo,
586 3537 704 3601 leudem
738 3545 913 3600 mereretur.
940 3535 998 3610 Qui
1024 3543 1087 3596 torn
