2384 3942
104 146 213 209 Theees
227 167 263 208 ex
275 148 347 207 Jure
360 146 518 207 canonico.
537 145 608 210 Vide
620 147 816 208 Oberhauser.

104 231 212 292 Theses
225 251 261 293 ex
287 239 413 310 utroque
432 233 504 291 Iure
526 232 729 312 depromptae,
754 252 826 311 quas
844 233 1012 294 Illustrissi·
1121 277 1125 288 .

143 310 200 369 mis
228 309 345 370 Vina...
371 315 522 444 nuncupat
544 309 714 370 Vincentius
745 311 862 382 Guitti,
887 309 1012 370 docente

143 385 295 466 Alphuuso
304 385 365 464 (sic)
378 389 472 446 Mazzo
485 385 533 444 ani
545 387 581 445 U.
591 387 619 446 J.
630 389 668 446 D.
684 396 713 447 et
725 387 922 448 autecessore.
937 390 1008 446 Fer-

142 465 228 524 rartae
254 462 381 542 losepho
404 463 528 523 Riualdo
554 463 768 544 Typographo,
799 464 1007 544 Superioribus

141 542 368 601 annuentibus:
394 541 528 617 Qeuteor
549 559 649 600 omnes
668 549 697 599 et
715 543 742 600 si
782 539 840 602 ede
873 560 909 601 ex
934 544 1006 602 lure

142 620 306 775 ddggntiw'
328 625 477 700 etquurta
492 636 527 677 ex
547 619 619 678 June
631 617 728 678 eniti.
745 617 756 697 (
784 637 843 679 eor.
868 621 882 678 1
909 619 1009 679 Martii

100 787 226 860 Thesea,
245 807 317 866 quas
330 787 474 848 Antonius
488 787 604 847 Pereira
620 789 857 865 congregationis
875 790 1007 852 Oratorii

141 865 361 946 Olystonensis
386 864 541 943 Presbyter
563 884 596 923 ac
620 863 785 942 Theologus
816 866 968 948 inscripsit
994 891 1005 926 .·

141 945 312 1004 Doctrinam
324 944 431 1002 veteris
445 940 578 1000 Ecclesiae
590 940 627 1001 de
637 960 670 1000 su
693 959 773 1000 rema
786 944 899 1018 Regum
913 947 1003 1004 etiam

141 1021 174 1080 in
188 1021 313 1079 Clericus
334 1026 489 1097 potestate,
510 1027 569 1079 etc.
580 1019 645 1092 Quo
666 960 740 1078 duce
761 1037 793 1077 ac
814 1019 937 1095 praeside
949 1025 1007 1080 Pe-

141 1097 232 1166 reira,
246 1096 378 1156 eamdem
395 1095 558 1156 doctrinam
570 1096 687 1175 publice
697 1095 942 1174 propugnandam
955 1115 1011 1157 au-

140 1173 404 1253 atepitloachimus
415 1174 527 1234 Cestius
541 1170 672 1250 ejusdem
682 1172 921 1252 congregationis
936 1174 1006 1232 Dia-

141 1269 242 1310 66666.
260 1249 358 1329 (Decr.
373 1253 410 1310 16
428 1251 508 1310 Iunii
528 1252 628 1328 1766.)

99 1344 225 1418 Thesea,
241 1363 312 1423 quas
325 1343 362 1403 66
380 1344 505 1404 Ecclesia
517 1343 625 1404 Christi
650 1353 680 1404 et
695 1344 890 1404 Libertatibus
915 1343 1008 1403 Galli-

140 1421 825 1514 canistiuaeripaitD.Ij'ranciscusPeyrat1765.
850 1420 949 1500 (Beer.
971 1422 1005 1481 S.

140 1500 234 1560 Officu
257 1500 294 1559 te
316 1500 467 1560 Februaru
482 1497 583 1578 1766.)
715 1516 717 1521 ·

98 1591 226 1682 Thesea,
244 1611 315 1684 quas
324 1592 564 1684 delEcclesiastica
576 1599 730 1671 potestate,
745 1595 859 1670 Regum
868 1610 902 1651 ac
915 1593 1004 1682 lJrin·

137 1687 454 1808 tttttttttt
474 1669 1007 1808 ttttttttttlattt‘ttt

127 1825 217 1884 mnis
236 1825 462 1897 declarationis,
476 1843 565 1904 quam
579 1825 672 1885 edidit
693 1826 795 1885 Glerus
814 1825 978 1886 Gallicanus
993 1869 1002 1899 ,

137 1920 215 1964 enno
238 1904 327 1964 1682.
348 1903 529 1964 Assertiones
549 1902 751 1982 Dogmaticas,
770 1901 1002 1981 Metaphysicaa,

137 1981 315 2053 Historicas‚
339 1980 556 2060 Apologeticas,
581 1981 619 2040 ad
642 1979 801 2040 sacerdotii
826 1990 856 2040 et
877 1981 1003 2060 Imperii

135 2060 187 2116 lus
199 2059 351 2136 publicum
363 2067 524 2137 spectantes
534 2058 707 2138 inscripsere
724 2059 780 2117 FF.
795 2057 1005 2120 Praedicatores

137 2136 284 2196 Tolosani.
299 2134 396 2213 (Decr.
410 2136 543 2196 sufficit
557 2136 575 2195 9
588 2136 653 2195 llaii
669 2134 770 2214 1766.)

96 2224 204 2287 Thesea
216 2225 395 2304 'theologicae
410 2229 614 2306 apologeticae,
641 2237 670 2288 et
682 2228 876 2289 miscellaneae
898 2229 1002 2288 adver-

41 2343 44 2348 *
136 2321 185 2364 sus
197 2303 361 2362 doctrinam
377 2305 504 2363 Cornelii
518 2305 648 2364 Iansonii
659 2313 875 2383 propugnatum
888 2304 925 2363 ab
937 2304 1005 2382 ejus-

60 2438 64 2447 ,
136 2380 267 2460 patronis
281 2423 290 2453 ‚
304 2378 358 2438 suh
368 2388 511 2456 praetextu
523 2381 721 2454 Querimonioe
737 2384 760 2439 T
783 2380 925 2461 pographi
945 2383 1001 2441 Io-

135 2457 303 2524 veniensis,
323 2455 461 2516 editionis
474 2457 618 2516 secundm.
633 2456 727 2534 (Bulla
754 2399 865 2519 drbnni
878 2459 959 2531 VIII,
980 2459 1003 2517 e.

136 2535 231 2596 llartii
244 2535 331 2605 teet,
351 2541 381 2592 et
394 2535 480 2594 Decr.
497 2535 512 2592 1
528 2533 766 2613 angustiatae.)

96 2625 203 2686 Thesea
214 2625 395 2704 'l'lreologicae
411 2625 448 2685 de
461 2627 579 2698 Gratia,
601 2627 699 2688 libero
720 2629 861 2701 arbitrio,
886 2628 1005 2706 praede-

135 2703 302 2773 stinatione,
315 2712 371 2762 etc.
389 2701 460 2765 Vide
472 2702 597 2782 longhe.

95 2794 203 2855 Thesea
218 2793 398 2874 Theologicae
412 2794 449 2854 de
468 2795 583 2866 Gratia,
605 2815 735 2878 quarum
751 2794 855 2859 titolata
875 2821 886 2857 .·
912 2799 997 2863 Matri

135 2872 249 2932 Divinae
270 2873 397 2963 Gratiae:
412 2881 603 3010 propugnate}
627 2874 785 2964 insedibus
809 2875 1000 2967 6666111666)-

133 2949 189 3008 bus
201 2967 301 3009 mense
318 2949 464 3010 16116167
487 2994 495 3041 Ἰ.
516 2945 674 3012 Solutum·
688 2951 789 3030 (Decr.
802 2954 999 3013 illecembrrs

10 3027 11 3030 ‘
135 3025 238 3106 tart.)
288 3041 291 3048 ·

95 3120 201 3182 Theses
215 3119 395 3200 Theologicae
406 3121 443 3183 de
455 3120 627 3199 Legibus-
636 3124 692 3184 Per
700 3141 747 3183 me
759 3126 851 3205 Ileges
861 3134 996 3203 regnant,

55 3199 58 3206 '
133 3207 162 3259 et
175 3201 284 3277 Legum
297 3200 469 3261 conditores
483 3197 560 3276 jueta
574 3199 737 3262 decernunt
751 3237 790 3246 -
803 3213 999 3283 propugnatae

828 3290 877 3348 57.
