2384 3942
462 232 655 275 consattttrto.
946 234 1013 276 ΧΧΧΙ

108 332 170 392 quo
191 323 291 376 autem
312 332 480 393 supremum
499 316 705 376 Pontificatum
727 313 882 392 gerimus,
907 315 1017 375 nullius

108 393 180 452 libri
197 395 437 472 proscriptionem
450 402 545 454 ratam
559 392 735 461 habuimus,
752 392 810 451 uisi
828 393 928 452 audito
940 397 1016 454 Con-

109 472 286 548 gregationis
305 472 486 544 Secretario,
505 472 558 559 qui
571 472 641 530 libri
652 470 807 530 materiem
822 513 830 540 ‚
845 469 1015 532 Revisorum

110 564 268 621 censuras,
291 549 491 610 Cardinalium
511 549 643 626 judicia,
666 556 696 608 et
719 545 858 626 suffragia
884 555 1016 606 accurate

111 624 194 684 nobis
216 634 385 704 exponeret.

148 699 209 782 Μ.
228 703 285 764 Sed
305 703 446 779 quoniam
469 710 653 781 compertum
672 710 716 762 eet
735 696 837 774 nohis,
859 710 950 780 atque
968 717 1018 759 ex-

108 779 275 857 ploratum,
296 783 403 840 multas
423 780 569 840 librorum
587 780 837 859 proscriptiones,
872 779 1017 840 reserum

107 875 236 944 quorum
258 868 390 918 auctores
413 857 552 918 Catholici
581 867 669 928 sunt,
690 857 815 935 publicis
833 799 1015 934 allquando,

107 933 282 1026 injustisque
309 936 436 1014 querelis
459 936 490 996 in
520 934 779 1014 reprehensionem
800 935 926 1009 adduci,
951 942 1017 993 tau·

107 1029 196 1087 quam
217 1031 241 1072 si
263 1022 393 1085 temere,
409 1031 442 1074 uc
463 1014 662 1092 perfunctorie
683 1014 715 1071 in
733 1012 943 1072 Tribunulibus
962 1029 1016 1071 no

106 1091 174 1150 stris
196 1108 230 1150 ee
247 1110 294 1150 res
318 1100 470 1170 ageretur,
496 1109 593 1170 operae
621 1091 750 1168 pretium
776 1088 938 1162 dommus,
962 1087 1017 1150 hac

106 1176 207 1226 nostra
236 1179 379 1249 perpetuo
409 1169 535 1229 valitura
564 1167 801 1239 Constitutione,
827 1177 940 1240 certas,
964 1166 1016 1226 fir-

106 1262 228 1322 masque
260 1247 375 1325 regulas
402 1264 583 1336 proponere,
610 1244 694 1321 juna
718 1261 789 1320 quas
817 1245 954 1323 deinceps
979 1245 1016 1303 li·

106 1319 230 1382 brorum
245 1343 368 1384 examen
379 1368 386 1396 ,
399 1323 605 1402 judiciumque
618 1329 789 1400 peragatur3
802 1324 917 1382 tametsi
931 1323 1017 1400 plane

105 1399 246 1461 affirmari
268 1403 377 1481 possit,
399 1401 528 1480 idipsum
537 1399 737 1478 jampridem,
755 1399 800 1458 vel
815 1399 916 1460 eadem
930 1415 1016 1478 pror-

104 1493 156 1610 pus
174 1479 312 1552 ratione,
332 1481 379 1538 vel
399 1481 454 1540 ulia
480 1477 706 1557 aequipollenti,
730 1486 897 1538 constanter
918 1486 1016 1537 aetum

117 1573 205 1613 u1sse.

146 1629 207 1708 §5.
221 1633 314 1692 Porro
329 1633 468 1692 Romanae
482 1633 655 1693 universalis
674 1633 874 1710 Inquisitionis
888 1635 948 1691 Con
1002 1665 1017 1676 -

108 1707 188 1837 {atio
205 1725 241 1764 ex
257 1707 392 1784 pluribus
410 1716 521 1766 constat
533 1719 639 1768 sanctm
649 1711 789 1768 Romanae
801 1710 934 1768 Ecclesiae
946 1649 1017 1766 glad·-

132 1781 260 1840 inalibus
271 1800 287 1839 a
298 1799 414 1842 summo
426 1782 563 1840 Pontifice
579 1784 715 1852 delectis,
729 1803 857 1860 quorum
869 1786 918 1843 alii
930 1803 1018 1842 sacrm

110 1855 302 1938 Tlreologiee,
321 1860 370 1918 alii
390 1858 527 1919 Canonici
540 1860 620 1918 luris
643 1859 796 1927 doctrina,
814 1859 862 1917 alii
880 1860 1019 1918 Ecclesia-

106 1934 248 1994 stiearum
267 1955 370 1996 rerum
392 1937 516 2015 peritia,
538 1954 756 2013 munerumque
769 1938 906 1996 Romane
924 1936 1020 1996 Curim

107 2014 334 2085 exercitatione,
355 2014 519 2094 prudentiae
537 2013 679 2085 demum,
695 2032 728 2073 ac
741 2014 894 2092 probitatis
911 2013 1016 2084 laude,

106 2091 256 2168 conspicui
277 2091 433 2152 habentur.
458 2091 508 2150 llis
527 2091 700 2170 adjungitur
723 2109 799 2150 unus
822 2109 858 2150 ex
877 2093 1017 2151 Romarm

106 2167 203 2227 Curiae
212 2170 405 2246 Praesulibus,
420 2184 508 2246 quem
518 2169 698 2228 Assessorem
708 2176 812 2226 vocant
822 2190 831 2244 3
840 2187 916 2228 unus
926 2171 1016 2230 etiam

47 2245 50 2250 ’
106 2245 497 2306 exOrdinePreedicaturum
505 2244 765 2323 secraeTbeologite
774 2246 1016 2326 Magister‚quem

107 2323 350 2384 Commissarium
364 2324 530 2403 appellant3
544 2332 642 2383 certus
653 2333 793 2402 praetcrea
809 2326 1017 2386 consultorum

107 2417 270 2472 numerus,
288 2403 339 2479 qui
360 2420 394 2460 ex
413 2410 540 2478 utroque
560 2401 645 2460 Clero
665 2401 815 2472 saeculari,
837 2421 869 2461 ac
890 2404 1016 2483 regulari

106 2488 298 2538 assumuntur
311 2501 319 2554 3
339 2480 387 2538 alii
401 2479 522 2538 demum
539 2487 710 2558 praestantes
722 2479 856 2539 doctrina
868 2481 943 2553 viri,
963 2482 1014 2558 qui

105 2571 123 2611 a
140 2556 370 2634 Congregatione
387 2555 481 2634 jussi,
503 2555 541 2615 de
562 2555 646 2614 libris
660 2575 811 2616 censuram
833 2558 1015 2627 instaurant,

106 2631 204 2711 iisque
218 2633 457 2706 Qualificaturum
475 2651 585 2693 nomen
599 2633 745 2694 tributum
757 2643 811 2693 est.
826 2637 870 2694 De
881 2637 971 2694 variis
984 2635 1016 2693 in

105 2710 226 2798 praelata
238 2711 486 2790 Congregatione‚
502 2712 523 2770 ii
559 2729 597 2769 ue
611 2712 788 2789 gravissimis
800 2712 889 2772 rebus
900 2714 1016 2802 agitur,

105 2803 139 2844 in
153 2787 260 2878 primis
273 2797 370 2848 autem
390 2789 427 2848 de
440 2729 620 2848 mustdltdet
635 2832 643 2859 ‚
658 2807 690 2847 ec
701 2789 739 2848 de
755 2790 888 2868 personis
900 2790 1017 2848 violate

104 2863 256 2942 religionis
278 2867 346 2924 reis.
362 2867 399 2926 m
421 2885 488 2926 cum
510 2866 621 2924 librum
640 2867 769 2944 aliquem
790 2867 827 2925 ad
847 2885 930 2934 eam,
951 2874 1016 2922 tan·

105 2959 195 3017 quam
208 2945 421 3022 proscriptione
435 2945 559 3023 dignum
570 2989 578 3008 ,
591 2942 698 3003 deferri
715 2944 872 3020 contigerit
884 2961 893 3015 3
906 2940 964 3026 uisi
980 2940 1017 2998 ad

104 3018 213 3078 indicis
226 3021 488 3098 Congregationem
501 3064 509 3092 ,
521 3029 554 3079 ut
566 3020 631 3078 lieri
644 3023 820 3098 plerumque
831 3018 923 3084 solet,
935 3016 1017 3091 Judi-

105 3097 234 3156 candum
247 3098 378 3156 remittat
388 3142 396 3167 ,
407 3098 456 3156 sed
485 3113 521 3156 ro
531 3115 649 3167 rerum,
660 3107 889 3171 temporumque
901 3094 1016 3155 ratione

105 3171 160 3232 sibi
181 3173 219 3232 de
234 3171 286 3230 illo
305 3191 338 3230 co
379 3117 538 3231 escendam
551 3189 613 3230 esse
628 3173 811 3244 arbitretur,
829 3187 903 3243 nos,
922 3171 1016 3234 inhae-

105 3259 205 3312 rentes
219 3249 335 3309 decreto
357 3248 453 3306 ato‘ob
466 3246 568 3305 eudem
580 3246 812 3324 congregatione
824 3246 896 3309 feria
912 3261 1017 3328 quarta

107 3327 241 3389 kalendis
259 3324 330 3386 tutti
344 3325 414 3383 anni
433 3322 581 3382 millesimi
599 3324 847 3403 septingentesimi
867 3330 1014 3406 quinqua·

107 3407 235 3484 gesimi,
262 3411 350 3481 atque
373 3421 389 3460 a
413 3400 498 3462 nobis
520 3398 693 3462 confirmato
714 3402 786 3463 feria
807 3406 910 3482 quinta
936 3406 1014 3466 inse-

109 3492 242 3622 quendtc,
269 3479 322 3540 bac
348 3479 487 3553 ratione,
514 3487 544 3538 et
568 3477 707 3541 methodo
727 3479 873 3560 judicium
899 3482 1012 3544 institui

109 3579 178 3621 man
200 3577 294 3622 amus.
