2384 3942
365 365 764 448 OBSERVATIONES

309 555 345 592 n
362 559 491 598 neunt!
510 523 649 610 Quin!
665 567 701 604 11¹
719 564 818 604 ΙΟΙΔΙ

140 705 577 809 dtsssfflssdd't'tss
607 712 815 812 ditm
846 713 980 813 &itt

418 909 529 970 iussu
549 912 689 971 FACTAE.

371 1235 450 1280 cinos
464 1240 594 1292 ousnrsu
609 1242 747 1284 mooun.

139 1369 441 1435 Animadvertendum
462 1381 506 1436 est
523 1377 600 1438 eirca
618 1380 851 1462 suprascriptum
870 1386 1009 1462 quartam

101 1443 245 1528 Requtam
257 1447 369 1510 Iudicis
380 1449 432 1532 fd.
446 1471 503 1513 ree.
515 1455 567 1517 Pii
578 1457 672 1536 Papa
683 1459 703 1516 1
706 1459 733 1520 V
743 1455 860 1518 nullum
867 1475 922 1540 per
932 1456 1009 1517 tuno

99 1521 339 1602 impressionem,
362 1535 389 1586 et
408 1527 562 1593 editionem
583 1531 618 1592 de
634 1552 708 1594 nouo
728 1534 820 1596 tribui
836 1531 1009 1616 {acuitatem

100 1599 129 1656 B
156 1599 376 1682 'scopis,uei1u
396 1606 584 1684 uisitoribus,
600 1617 654 1669 aut
664 1608 858 1692 Requtarium
871 1613 1008 1694 Superio-

100 1617 204 1748 τᾶξω,
225 1622 396 1739 concedendi
409 1677 555 1742 licentiam
569 1685 697 1760 emendi,
718 1684 831 1769 ieqendi
840 1734 848 1761 ,
870 1697 923 1750 uut
939 1689 1009 1748 reti-

102 1747 194 1807 nendi
207 1747 311 1811 Bibtia
331 1751 450 1834 uulqori
467 1753 569 1836 linqua
581 1758 677 1834 edita,
692 1780 759 1820 eum
772 1762 911 1824 haetenus
922 1782 1009 1822 man-

101 1821 190 1900 dato,
202 1832 231 1886 et
241 1845 299 1887 usu
308 1838 416 1890 suuotoe
423 1832 576 1908 Romame,
586 1834 796 1897 etuniuersutis
803 1833 1010 1920 inquisitionis

99 1898 221 1974 subiato
238 1905 280 1964 eis
289 1901 385 1995 suerit
398 1903 529 1988 facultas
547 1909 719 1973 concedendi
732 1910 902 1994 hujusmodi
923 1912 1010 1976 dieen-

99 1978 159 2040 tias
181 1975 292 2061 leqeudr
302 2027 312 2058 ‚
331 1980 378 2043 vei
396 1983 543 2048 retinendi
554 1985 657 2048 Bittio
677 1986 831 2072 uuiquria,
859 2002 913 2054 aut
932 1992 1009 2056 atius

98 2075 192 2118 saera
209 2059 389 2139 Scriptura,
413 2069 474 2122 tam
496 2067 582 2140 noui,
603 2084 694 2147 quum
712 2069 817 2132 ueteris
831 2075 1009 2135 Testamenti

96 2141 218 2216 partes,
233 2139 338 2218 quouis
352 2135 473 2220 vulquri
488 2138 591 2224 linqua
609 2141 711 2206 editas.

469 2295 638 2359 ADDITIO.

135 2434 223 2510 Quod
235 2435 260 2494 si
269 2405 439 2513 hujusinodi
452 2438 616 2501 Bibliorum
626 2421 894 2529 versionesvulgaui
902 2451 1004 2530 lingua
1075 2513 1078 2520 ,
1177 2456 1178 2475 ’

96 2515 207 2574 fuerint
226 2512 264 2572 sb
277 2514 443 2594 Apostolicu
463 2517 537 2578 Sede
558 2522 742 2602 approbatis,
763 2537 815 2587 aut
835 2529 920 2588 editae
935 2547 1003 2588 eum

96 2591 337 2652 annotationibus
353 2592 514 2673 desumptis
530 2613 566 2654 ex
578 2601 683 2659 sanetis
695 2603 827 2664 Ecclesioe
846 2605 1002 2676 Patribus,

95 2671 139 2730 vel
161 2688 197 2730 ex
216 2669 330 2744 doctu,
353 2669 559 2750 catholicisque
576 2676 666 2748 viris,
689 2683 899 2741 conceduntur.
915 2685 1001 2741 Deer.

94 2748 158 2809 Sao.
174 2747 416 2828 Conqreqatiouis
428 2748 498 2810 Iud.
512 2751 550 2809 ts
562 2753 651 2814 lunii
661 2755 747 2816 1757.

377 2901 457 2944 cneci
470 2904 564 2946 NONA!
577 2906 716 2951 nouum.

132 3020 220 3080 Circa
230 3014 373 3097 Requlam
387 3039 498 3082 nouam
510 3019 640 3086 e'usdem
651 3024 763 3088 Iudicis
776 3024 814 3086 ab
827 3024 1002 3104 Episcopis,

95 3103 120 3155 et
129 3093 362 3175 inquisitoribus
377 3041 584 3178 christifideles
603 3098 703 3162 sedulo
720 3098 899 3162 admouendi
913 3110 1000 3180 sunt,

113 3171 171 3235 uod
189 3171 224 3230 in
241 3163 361 3248 leqentes
370 3215 380 3245 ‚
404 3181 457 3230 aut
476 3176 632 3236 retinentes
648 3186 750 3236 contro
766 3174 908 3258 Requlam
924 3177 1002 3242 tum

95 3191 181 3313 d'bros
194 3241 367 3326 hujusmodi
378 3244 549 3328 Astrotoqiae
563 3251 750 3331 judiciariae,
764 3253 998 3334 divinationum,

94 3337 120 3390 et
135 3319 370 3404 sortileqiorum‚
395 3340 549 3405 rerumque
569 3324 701 3389 aliarum
720 3332 753 3392 in
771 3332 914 3396 eudemR
947 3333 1000 3395 uia

94 3419 301 3488 expressarum
308 3399 450 3540 ‚frocedi
458 3409 570 3484 potest,
590 3423 650 3464 uon
667 3407 751 3471 modo
765 3430 820 3493 qrer
835 3413 914 3493 ipsos
950 3414 1000 3493 qi·

334 3499 343 3538 r

105 3273 114 3311 t

93 3502 191 3566 scopos
200 3525 210 3556 ,
226 3486 255 3538 et
272 3479 314 3538 Or
345 3477 465 3569 uarios,
481 3477 531 3540 sed
547 3481 637 3574 etiam
651 3504 708 3567 per
719 3490 913 3571 Inquisitores
925 3486 1000 3551 ioco

95 3583 178 3637 rum,
201 3575 238 3617 ex
261 3557 381 3619 Constet.
404 3553 455 3638 sel.
479 3576 534 3619 ree.
556 3561 634 3623 Senti
655 3568 747 3647 Papae
770 3567 876 3704 Quisqti
896 3575 999 3628 contra
