2384 3942
424 30 523 91 liei
555 75 572 104 ‚
595 31 772 91 1781.
818 30 1010 109 (Deer.
1051 29 1128 87 20
1154 28 1418 87 ,Ianuarii
1446 26 1649 107 1785.)

348 122 604 184 Libellus
665 122 950 183 ermanice
979 118 1194 195 editu-3,
1218 118 1316 179 cui
1338 116 1544 179 titulus
1567 138 1591 175 .·
1633 118 1836 181 Nichts
1864 120 2165 183 Mehreres

422 219 543 261 von
585 205 628 260 E
673 200 1017 276 edispensen
1044 242 1060 269 ‚
1105 198 1189 266 als
1224 215 1347 256 was
1372 197 1640 275 Religion
1668 242 1684 269 ‚
1726 198 1911 258 Reeht
1936 245 1952 272 ‚
2008 203 2063 261 Ν
2066 211 2163 261 ut-

426 298 534 339 zen
555 323 571 351 ‚
608 278 720 337 Klu
762 275 886 334 heit
921 275 1046 334 und
1074 273 1288 334 Pflieht
1312 274 1561 334 fordert.
1588 275 1799 335 Latine
1820 294 1957 336 vero
1976 276 2162 338 reddi-

427 365 522 417 tus
545 355 628 415 sic
647 354 726 414 ha
762 361 819 411 et
841 376 861 410 .·
882 352 1046 413 Nihil
1069 353 1321 430 amplius
1346 350 1421 413 de
1445 353 1991 431 Dispensationibus
2034 373 2161 414 ma·

425 430 859 492 trimonialibus
880 474 896 502 ‚
923 449 1100 507 quam
1127 430 1288 508 quod
1309 429 1563 509 Religio,
1586 429 1813 507 justitia
1837 476 1853 503 ‚
1895 431 2120 492 utilitas
2140 478 2157 504 ‚

471 509 741 568 rudentia
768 552 784 579 ‚
816 515 875 567 et
913 508 1181 568 debitum
1208 509 1474 585 exigunt.
1502 509 1710 567 Melius
1730 518 1854 581 est,
1879 518 1948 568 ut
1993 528 2161 571 scan-

465 588 626 645 alum
654 586 906 657 oriatur,
941 604 1121 663 quam
1159 594 1229 645 ut
1262 585 1478 644 veritas
1519 586 1854 645 reticeatur.
1904 588 1967 645 S.
2014 588 2160 647 Gre-

425 664 624 742 gorius
646 666 912 740 MagnuS.
939 665 1008 722 ln
1028 664 1193 722 Valle
1220 663 1499 721 Veritatis
1524 661 1682 742 apud
1698 666 1931 723 Fratres
1958 675 2158 743 pecto-

425 742 509 800 ris
528 785 544 812 ,
565 743 740 801 1782.
775 740 970 820 (Decr.
990 742 1069 801 20
1091 740 1355 801 Januarii
1386 741 1587 818 1785.)

344 826 602 886 Libellus
643 827 828 887 inseri
870 834 963 887 tus
991 849 1010 885 .-
1042 825 1342 886 Fiinfzehn
1391 825 1705 886 heimliehe
1744 825 1979 907 Leyden
2013 828 2158 889 oder

425 904 777 964 Schmerzen
858 922 892 964 o
933 902 1198 964 Christus
1225 903 1330 963 der
1355 905 1505 963 Herr
1540 906 1648 964 der
1671 905 1962 964 frommen
1981 950 1997 978 ‚
2031 908 2155 967 und

425 982 759 1042 Gottlieben
786 982 913 1040 Heil
934 980 1259 1042 Schwester
1292 982 1472 1041 Maria
1499 983 1834 1061 Magdalena
1861 1001 1969 1043 aus
2018 984 2155 1044 dem

427 1060 628 1119 Orden
682 1059 787 1118 der
843 1059 1110 1137 Heiligen
1172 1059 1338 1118 Clara
1346 1101 1463 1117 .....
1520 1058 1961 1138 geoffenbahret
1980 1106 1995 1134 ‚
2041 1071 2152 1121 etc.

431 1136 599 1213 Quod
641 1146 727 1198 est
768 1133 948 1196 latine
983 1158 1003 1193 .·
1042 1136 1392 1210 Quindecim
1426 1137 1637 1197 occulti
1684 1139 2009 1212 eruciatus,
2053 1157 2155 1198 seu

423 1216 655 1275 dolores
673 1259 688 1284 ,
720 1232 864 1292 quos
886 1210 1149 1273 Christus
1163 1214 1451 1273 Dominus
1474 1215 1588 1293 piae
1607 1260 1623 1287 ‚
1649 1224 1709 1274 et
1728 1218 1919 1275 Deum
1934 1217 2154 1275 amanti

424 1296 648 1353 Sanctae
667 1292 868 1352 Sorori
885 1292 1084 1350 Mariae
1100 1291 1454 1370 Magdalenae
1474 1311 1546 1352 ex
1564 1293 1785 1355 Ordine
1805 1294 1867 1352 S.
1896 1293 2154 1353 Clarae...

423 1370 727 1431 revelavit.
761 1368 949 1449 (Deer.
995 1370 1029 1429 5
1055 1370 1200 1428 Julii
1231 1370 1431 1450 1758.)

347 1466 603 1527 Libellus
654 1462 757 1525 hoc
788 1460 970 1523 altero
1013 1460 1180 1525 tit-ulo
1224 1465 1543 1547 inscriptus
1590 1489 1610 1524 .·
1648 1464 1948 1526 Fiinfzehn
1987 1464 2158 1526 hem·

425 1543 577 1604 liehe
624 1542 860 1621 Leyden
879 1587 895 1613 ‚
925 1542 1067 1601 oder
1094 1542 1471 1613 Schmerzen‚
1498 1562 1561 1602 so
1590 1542 1856 1604 Christus
1875 1544 1978 1603 der
2002 1546 2157 1603 Herr

422 1622 530 1682 der
555 1621 847 1681 frommen
869 1620 992 1679 und
1008 1620 1484 1680 Goth-liebenden
1509 1621 1637 1679 Heil
1674 1620 1998 1681 Sehwoeter
2034 1623 2159 1680 Ma-

423 1700 514 1759 ria
557 1697 893 1775 Magdalena
939 1715 1041 1755 aus
1098 1696 1235 1755 dem
1288 1698 1487 1756 Orden
1550 1697 1656 1756 der
1719 1700 1871 1758 Heil.
1951 1699 2116 1757 Clara
2136 1743 2152 1768 ‚

423 1773 645 1835 welche
662 1793 734 1831 zu
763 1775 912 1832 Rom
947 1774 1009 1831 in
1031 1791 1260 1850 grosser
1283 1772 1597 1852 Heiligkeit
1621 1774 1857 1851 gelebdt
1880 1777 2004 1835 und
2031 1795 2156 1835 see-

421 1852 505 1928 lig
524 1850 836 1929 gestorben
855 1894 871 1920 ‚
897 1849 1203 1908 miindlieh
1236 1849 1699 1928 geoffenbahret.
1726 1853 1890 1910 Samt
1911 1852 2155 1913 Erklae-

420 1928 655 2063 111ξὲ8111
658 1926 930 2062 ὺξνΐίθᾱὲῗθ
954 1927 1534 2081 ξὲὲῗῖὴξῖιξῖἰὲ-Εῐῗὲ
1558 1927 2151 2081 Αῗξέξᾶξῦἶῗέὃεέἷ·

417 2081 516 2139 len
566 2048 925 2158 auf'geopfert
967 2079 1233 2140 werden.
1264 2083 1388 2139 Hoc
1407 2088 1493 2139 est
1522 2076 1712 2140 italice
1750 2103 1770 2139 .·
1818 2080 2155 2154 Quindeein

418 2158 605 2218 occuli
632 2156 941 2235 patimenti
998 2174 1033 2214 o
1094 2156 1321 2228 dolori,
1375 2155 1482 2216 che
1527 2155 1757 2218 Christo
1807 2160 2022 2219 Nostro
2060 2163 2154 2221 Si-

419 2253 602 2315 gnore
641 2232 834 2312 paleso
861 2252 893 2292 a
931 2234 1070 2293 viva
1115 2252 1257 2295 voce
1308 2234 1419 2293 alla
1460 2234 1656 2294 divota
1697 2236 1770 2295 ed
1820 2246 2056 2296 amante
2088 2239 2150 2299 di

417 2314 532 2375 Dio
574 2314 752 2372 Sonta
777 2312 929 2371 Suor
953 2312 1132 2371 Maria
1151 2311 1489 2372 Maddalena
1509 2312 1865 2373 dell’Ordine
1886 2313 1949 2374 di
1973 2315 2153 2377 Santa

421 2392 629 2453 chiara
648 2434 665 2460 ‚
690 2390 747 2448 la
788 2390 961 2466 quale
995 2386 1028 2449 ὲ
1065 2390 1267 2450 vivuta
1294 2391 1357 2449 in
1385 2391 1568 2450 Roma
1593 2409 1700 2451 eon
1727 2410 1872 2483 gran
1899 2392 2147 2462 Santita,

329 2517 333 2522 .
418 2490 453 2531 e
494 2477 687 2531 morta
712 2468 794 2527 ivi
820 2468 1135 2544 piamente.
1181 2470 1305 2528 Con
1335 2486 1453 2527 una
1505 2468 1868 2547 spiegamone
1905 2487 2077 2547 sopra
2104 2471 2150 2530 il

420 2547 618 2609 Gloria
659 2548 852 2619 Patri,
893 2563 926 2604 e
958 2546 1014 2604 la
1057 2546 1320 2605 maniera
1370 2545 1445 2605 da
1477 2548 1694 2606 tenersi
1751 2544 2150 2624 nell'applica-

419 2628 589 2687 zione
630 2623 692 2684 di
732 2624 814 2684 sei
855 2632 1019 2683 sante
1068 2624 1301 2695 Messe„
1336 2622 1386 2682 si
1424 2642 1530 2701 per
1566 2624 1588 2682 i
1629 2624 1783 2698 vivi,
1823 2622 1933 2683 che
1976 2642 2082 2703 per
2126 2625 2147 2684 i

416 2704 620 2765 morti.
651 2701 845 2781 (Deer.
872 2703 907 2761 5
935 2700 1242 2760 Februarii
1285 2700 1486 2778 1765.)

339 2798 594 2858 Libellus
620 2797 966 2858 Germanico
992 2795 1270 2856 idiomate
1294 2795 1486 2856 editus
1506 2840 1521 2868 ‚
1548 2797 1643 2856 cui
1669 2796 1916 2857 titulus:
1952 2798 2043 2857 All
2085 2815 2149 2857 e-

414 2875 636 2934 meines
685 2872 1317 2935 Glaubensbekenntiss
1368 2874 1512 2934 aller
1559 2874 1925 2953 Religionen.
1969 2816 2143 2935 1754.

412 2954 565 3011 Dem
643 2952 905 3011 esunden
942 2950 1563 3011 Mensehenverstande
1593 2952 1911 3030 gewidmet
1935 2953 2148 3012 Latine
2231 3022 2239 3031 ⁸

408 3046 545 3088 vero
563 3051 584 3086 .·
604 2971 973 3087 {sniversalis
991 3027 1288 3118 Professio
1297 3027 1466 3090 Fidei
1474 3029 1738 3089 omnium
1752 3025 2115 3107 Relthionum
2126 3072 2143 3086 .

410 3103 588 3163 1784.
618 3104 777 3163 Sauo
795 3104 1071 3166 [lumin-88
1089 3101 1409 3166 antellectui
1450 3105 1665 3165 dicata.
1700 3105 1892 3185 (Brevi
1921 3107 2010 3165 Pii
2042 3109 2148 3164 Se-

407 3179 492 3233 xti
524 3179 616 3237 [lir
652 3181 724 3237 217
752 3181 1104 3241 Novembris
1160 3182 1361 3253 1734.)
