2384 3942
200 185 258 226 ΧΧΙΙ
554 185 727 227 insunucrto.

199 271 231 327 in
244 268 375 346 ipsorum
394 272 540 333 librorum
562 269 754 348 impressione
777 268 874 348 (poena
898 289 952 350 pro
976 272 1097 333 arbitrio

200 346 355 438 Episcopi,
378 357 406 438 et
421 347 608 482 lnqluisitoris
620 347 757 406 adversus
772 347 889 406 eosdem
902 350 1098 430 typographos

199 425 368 503 constituta]
389 443 469 485 invio
482 431 527 484 ate
543 432 613 483 sunt
627 422 818 484 observanda.

366 734 414 791 nr
435 734 704 795 rnoumuonr
725 734 931 795 rinnonuu.

616 887 635 969 s
653 891 677 948 1.

238 1045 348 1103 Curent
375 1044 528 1122 Episcopi,
556 1053 586 1104 et
608 1044 816 1122 Inquisitores,
838 1051 873 1103 ut
891 1045 989 1104 statim
1012 1055 1099 1125 atque

199 1119 247 1180 hic
261 1121 351 1180 Index
372 1122 460 1181 fuerit
482 1122 668 1200 publicatus,
683 1140 786 1181 eorum
807 1121 1004 1198 jurisdictioni
1030 1125 1098 1183 sub-

196 1197 266 1276 jecti
289 1199 325 1258 ad
349 1199 425 1277 ipsos
448 1199 592 1278 descripta
624 1200 794 1277 singillatim
819 1198 950 1258 deferant
979 1202 1098 1260 nomina

200 1276 345 1336 librorum
364 1277 519 1348 omnium,
546 1286 575 1336 ct
601 1277 805 1355 singulorum,
828 1293 901 1353 quos
922 1277 1000 1354 apud
1014 1297 1045 1337 se
1066 1280 1097 1336 in

200 1353 303 1412 eodem
321 1354 418 1413 lndice
440 1353 604 1432 prohibitos
623 1355 746 1431 quisque
764 1353 901 1432 reperiet.

238 1431 283 1490 Ad
308 1429 476 1507 hujusmodi
502 1450 571 1492 vero
591 1431 683 1490 libros
710 1433 751 1490 sic
774 1429 995 1510 significandos,
1023 1432 1099 1492 inira

200 1515 314 1568 certum
329 1518 444 1587 tempus
459 1509 496 1569 ab
516 1509 672 1587 Episcopo,
695 1510 742 1569 vel
769 1508 946 1586 inquisitore
966 1512 1099 1589 prescri-

199 1584 347 1656 bendnm,
373 1585 702 1664 omnescujuscumque
726 1587 849 1666 gradus,
874 1595 904 1645 et
925 1588 1100 1647 conditionis

199 1663 362 1735 extiterint,
376 1662 430 1724 sub
440 1664 521 1743 gravi
534 1681 641 1743 poena,
657 1682 760 1725 eorum
770 1662 912 1723 arbitratu
929 1665 1099 1744 infligenda,

200 1748 366 1801 teneantur;

238 1819 339 1880 Romae
355 1836 424 1880 vero
436 1816 618 1891 haecomnia,
631 1828 711 1879 certo
724 1839 741 1878 a
752 1837 783 1877 se
795 1862 802 1889 ,
815 1819 973 1897 propositis
985 1820 1099 1888 edictis,

199 1897 413 2030 ppaescribendo
428 1905 585 1975 tempore,
616 1897 748 1973 praestari
773 1895 887 1954 curabit
909 1897 982 1953 sacri
998 1897 1100 1957 Palatii

229 1976 346 2050 agister.
701 2005 703 2009 .

616 2124 633 2205 s
651 2127 690 2184 n.

238 2281 268 2338 Si
282 2282 333 2358 qui
354 2288 461 2354 crunt,
476 2282 526 2360 qui
540 2282 651 2342 librum
664 2296 759 2341 unum
773 2325 782 2353 ,
794 2288 846 2340 aut
865 2282 965 2360 plures
979 2301 1016 2341 ex
1029 2301 1099 2361 pro·

199 2355 320 2430 bibitis,
337 2361 388 2437 qui
412 2360 447 2418 ad
460 2361 663 2438 praeseriptum
676 2359 854 2437 Regularum
873 2359 1006 2450 permitti
1031 2379 1099 2438 pos-

199 2442 286 2506 sunt,
312 2437 497 2514 certaaliqua
511 2456 643 2497 excausa
664 2444 837 2515 potestatem
856 2436 911 2496 sibi
930 2437 1097 2509 retinendi,

198 2515 278 2572 autl
315 2514 381 2573 endi
404 2513 468 2574 lieri
491 2525 558 2575 aute
570 2516 811 2593 expurgationem
831 2514 1099 2591 desiderent3eon-

198 2531 514 2662 munditenentes,
536 2602 618 2652 extra
641 2593 749 2651 Urbem
767 2590 816 2667 jus
839 2593 896 2650 erit
916 2609 1005 2669 penes
1029 2594 1099 2672 Epi-

198 2685 338 2806 scopulrpl,
353 2677 403 2729 aut
418 2670 648 2748 Inquisitorem,
669 2671 787 2741 Romae,
816 2685 905 2747 penes
927 2671 1099 2747 Magistrum

198 2747 272 2806 sacri
307 2747 396 2806 antii.

237 2825 293 2897 Qui
315 2825 435 2902 quidem
447 2823 537 2902 gratis
549 2841 634 2894 eam,
659 2833 689 2884 ct
703 2823 812 2900 scripto
824 2841 912 2883 manu
935 2841 985 2880 sua
1004 2823 1100 2883 subsi-

198 2909 286 2981 gnato
309 2903 441 2963 tribuent
453 2946 460 2965 .
470 2901 507 2960 de
520 2903 648 2963 triennio
662 2903 694 2960 in
707 2900 869 2960 triennium
882 2901 1081 2961 renovandam
1092 2924 1100 2976 3

198 2999 231 3038 ea
248 2981 279 3038 in
293 2981 396 3058 primis
414 2978 543 3038 adhibita
569 2979 822 3048 consideratione,
843 2986 877 3037 ut
896 2978 1013 3038 nonnisi
1028 2980 1100 3039 viris
1182 3036 1183 3039 ,

199 3057 294 3134 dignis
308 3103 316 3128 ,
332 3077 364 3118 ac
374 3058 500 3150 pictate,
515 3065 544 3116 et
553 3053 686 3118 doctrina
699 3057 861 3134 conspicuis
874 3100 882 3125 ,
896 3075 964 3116 cum
974 3055 1098 3129 delectu,

199 3131 341 3207 ejusmodi
363 3136 511 3195 licentiam
531 3135 716 3214 largiantur3
743 3134 779 3194 iis
795 3141 894 3193 nutem
917 3134 949 3192 in
975 3134 1098 3211 primis,

200 3226 328 3287 quorum
343 3215 438 3272 studia
453 3214 572 3274 utilitati
597 3213 742 3291 publicae,
768 3218 797 3271 et
820 3219 925 3271 sanctae
944 3208 1099 3271 Catholicae

199 3285 331 3346 Ecclesiae
344 3291 410 3348 usui
431 3309 512 3361 esse,
534 3300 718 3370 compertum
734 3289 903 3350 habuerint.

238 3363 294 3436 Qui
308 3363 553 3444 interlegendum
573 3385 766 3445 quecumque
787 3383 821 3425 re
842 3363 954 3423 ererint
967 3361 1100 3424 animad-

198 3441 333 3499 versione
345 3440 431 3519 digna
447 3487 455 3512 ,
481 3446 587 3503 notatis
601 3445 763 3521 capitibus,
779 3450 808 3502 ct
820 3385 898 3501 liliis
910 3484 918 3511 ‚
931 3440 1097 3516 significare

199 3521 355 3597 Episcopo,
379 3519 424 3578 vel
449 3520 617 3596 inquisitori
638 3528 804 3579 teneantur.
