2384 3942
488 211 624 252 utentur.
987 212 1014 254 tt

153 299 183 358 Β.
198 297 431 358 Exercismorum
444 297 580 358 lormulae
592 297 716 357 diversae
729 296 766 370 ab
778 296 834 368 iis,
857 317 922 374 qun
942 317 1018 377 prn-

116 374 282 436 scribuntur
303 376 335 432 in
354 375 472 452 Regalis
494 375 619 435 Ritualis
639 375 786 443 Romani,
808 382 838 433 et
851 376 1020 436 earumdem

116 470 202 522 usus,
217 452 323 530 absque
337 452 447 529 praevio
463 453 597 512 examine
609 470 709 512 coram
722 451 892 511 Ordinario.

154 529 182 588 5.
194 529 313 588 Litanice
331 547 452 597 omnes,
468 539 576 607 praeter
586 530 822 606 antiquissimas,
844 536 873 589 et
887 547 1020 589 commu-

115 625 180 678 nes,
203 626 268 684 quae
283 608 315 666 in
328 607 506 679 Breviariis‚
528 606 711 677 blissalibus‚
733 604 954 666 pontificalibus
967 650 975 677 ‚
989 625 1022 666 ac

112 685 274 744 Ritualibus
284 685 474 743 continentur
485 729 493 756 ,
504 691 533 742 et
542 692 650 762 praeter
662 684 788 743 litanias
797 683 835 742 dc
843 685 877 743 Β.
887 683 1021 762 Virgine,

111 779 172 838 quae
186 763 217 821 in
229 780 314 820 sacra
328 760 390 820 aede
402 761 562 821 lauretana
575 761 723 821 decantari
736 760 841 820 solent.
936 818 938 821 .

89 837 90 842 ’
146 840 174 898 l.
195 839 321 898 blissalis
339 839 463 898 Romani
488 838 586 898 omnia
612 838 788 915 exemplaria
808 839 928 898 alterata
953 845 1022 916 post

111 915 234 976 edictum
260 917 304 975 Pii
318 917 356 986 V,
375 917 540 1006 praesertim
558 933 628 993 quoe
644 915 771 978 Venetit‘a
785 915 863 994 apud
873 919 1019 990 Iunctos,

111 993 224 1069 Sestos,
252 995 475 1073 Mysaertaum,
502 1002 531 1055 et
551 991 590 1052 ool
620 992 746 1072 Siquam
767 993 906 1072 Syr-enee,
929 1003 1019 1070 atque

110 1072 323 1208 Europaeffifiet
349 1088 550 1148 quoscumque
580 1070 677 1144 alios,
711 1071 851 1148 impressa
876 1080 947 1130 sunt
981 1069 1020 1128 ab

110 1151 220 1209 annol
289 1189 296 1206 .
999 1199 1004 1210 .

148 1227 177 1284 5.
201 1225 304 1285 Officia
326 1225 359 1284 Β.
374 1225 473 1286 Mariae
494 1224 650 1302 Virginis,
673 1225 721 1284 vel
747 1223 940 1296 Sanctorum,
968 1234 1022 1284 aut

111 1302 303 1374 Sanctarum,
335 1301 450 1380 aliaque
474 1300 645 1379 hujusmodi
677 1301 787 1380 absque
810 1320 846 1379 ap
868 1302 1022 1364 robatione

110 1379 139 1439 S.
154 1380 277 1441 Rituum
297 1379 538 1459 congregationis
561 1379 663 1453 edita,
685 1379 731 1439 vel
757 1378 832 1439 eden
853 1397 881 1437 a.

147 1458 178 1515 6.
199 1455 244 1516 De
258 1458 374 1518 Ritibus
391 1458 514 1529 Simois,
538 1475 702 1536 eorumque
724 1457 950 1529 controversiis,
971 1465 1024 1516 aut

109 1532 233 1594 illorum
256 1536 405 1594 occasione
423 1536 549 1607 exortis,
570 1535 669 1608 Libri,
690 1535 814 1607 libelli,
834 1534 1020 1606 boleticum,

109 1608 241 1681 theses,
274 1612 378 1684 Folia,
406 1621 435 1670 et
466 1613 572 1690 scripta
596 1631 791 1691 quaecumque
814 1621 880 1690 post
900 1611 981 1672 diem
1002 1611 1022 1671 2

110 1686 248 1744 Octobris
270 1688 347 1744 illo
373 1686 467 1755 edita,
489 1688 520 1744 in
541 1688 648 1763 quibus
674 1707 710 1747 ex
731 1689 886 1766 professo,
906 1690 954 1747 vel
975 1689 1023 1747 in-

111 1760 264 1832 cidenter,
278 1761 499 1840 quomodolibet
518 1761 555 1820 de
575 1763 611 1820 iis
629 1771 787 1837 tractetur,
805 1766 870 1823 sine
882 1782 1024 1842 canrosa,

111 1843 143 1896 et
163 1839 281 1917 speciali
302 1839 420 1897 licentia
433 1837 557 1898 llomani
577 1839 726 1898 Pontificio
743 1840 775 1899 iu
794 1843 855 1900 Con
925 1841 1024 1900 atione

109 1925 241 1988 sanctae,
270 1924 299 1975 et
319 1916 492 1976 universalis
517 1915 719 1993 lnqnisitionis
736 1916 857 1978 obtincu
879 1935 907 1976 a.

30 2046 32 2050 ,
149 1994 180 2052 7.
195 1993 303 2053 Rituali
325 1994 457 2052 Romano
479 1992 645 2052 additiones
665 1994 892 2066 omnesaue,
915 2001 966 2054 aut
980 1993 1025 2054 sa-

109 2069 223 2132 ciendae
239 2079 305 2150 post
323 2070 562 2130 reformationem
586 2068 668 2131 Pauli
681 2073 719 2147 V,
732 2073 797 2132 sine
810 2071 1022 2151 approbatione

109 2149 172 2208 Sao.
196 2149 435 2228 congregationis
455 2149 590 2208 Rituum.

148 2231 177 2286 8.
200 2227 319 2286 Rosaria
341 2244 534 2304 quaecumque
557 2224 595 2284 de
619 2242 695 2286 novo
714 2229 853 2301 inventa,
870 2227 1017 2288 autiuve-

109 2303 240 2376 nienda,
269 2305 333 2363 sine
361 2313 527 2383 opportuna
554 2303 586 2364 S.
607 2303 690 2364 Sedis
717 2307 877 2378 facultate,
912 2305 1020 2384 quibus

108 2381 312 2442 authenticum
325 2382 479 2442 Rosarium
487 2383 565 2455 Deo,
578 2391 609 2443 et
621 2383 655 2442 B.
666 2384 765 2444 blaciae
774 2383 891 2464 Virgini
903 2401 1019 2443 sacrum

108 2461 325 2540 antiquaretur.
