2384 3942
450 220 626 264 INSTRUGTIO.

495 384 512 465 s
532 385 584 444 111.

130 535 199 600 lilud
221 539 311 600 ctiam
341 538 496 601 Catholicae
521 539 589 600 fidei
611 539 820 599 conservanda
839 542 992 602 necessitas

95 624 168 676 cntra
184 619 319 692 ltaliam,
347 620 474 678 maxime
493 636 561 676 cum
583 618 621 677 ab
639 620 661 677 Ε
683 617 994 696 iscopis‚et1nquisi-

95 694 195 755 ton‘bus
209 741 218 767 ,
233 705 299 755 tum
313 715 328 754 a
341 695 471 774 puhlicis
482 636 745 766 Universitatfisus,
759 696 840 754 omni
852 695 994 756 doctrina

92 767 169 831 laude
185 771 364 833 florentibus
377 772 505 851 postulat
516 817 524 843 ,
536 781 569 833 ut
584 790 688 832 eorum
699 772 844 831 librorum
859 773 991 833 lndicem

91 849 209 921 confici,
234 860 264 910 ct
287 851 433 929 publicari
456 858 580 926 curent,
602 850 653 926 qui
674 867 729 927 por
748 867 851 909 eorum
875 869 990 929 regna,

91 933 169 1003 atquc
181 928 349 1006 provincias
362 973 370 1000 ,
393 927 529 987 haeretica
541 926 607 986 labe
619 927 716 986 infecti
729 971 737 998 ,
752 945 785 985 ac
800 927 883 987 bonis
897 930 991 989 mori-

91 1001 138 1062 bus
159 1006 300 1064 contrarii
333 1015 497 1084 vagantur,
523 1005 584 1064 sive
617 1005 660 1063 illi
688 1005 808 1083 propria
837 1006 989 1078 nationis,

90 1080 143 1140 sive
162 1082 257 1142 aliena
277 1084 398 1161 lingua,
419 1083 574 1160 conscripti
595 1081 717 1141 suerint.

135 1159 232 1237 thue
259 1161 296 1220 ab
323 1179 428 1220 eorum
449 1161 595 1231 lectione,
619 1177 671 1218 seu
695 1159 879 1231 retentione,
903 1161 991 1220 certis

89 1237 179 1310 poenis
192 1281 200 1309 ,
215 1237 251 1297 ah
265 1238 376 1298 eisdem
392 1238 564 1317 Episcopis,
582 1244 613 1296 et
631 1236 857 1313 inquisitoribus
881 1256 991 1315 propo-

88 1312 168 1384 sitis,
181 1317 355 1376 corumdem
371 1333 550 1394 regnorum,
573 1333 607 1374 ac
624 1314 844 1392 provinciarum
856 1310 991 1375 homines

87 1399 212 1451 arceant.

123 1467 168 1526 Ad
184 1469 263 1545 quod
288 1471 506 1547 exsequendum
523 1469 696 1549 Apostolicae
718 1466 794 1528 sedis
816 1469 940 1541 Nuntii,
962 1479 992 1530 et

85 1541 183 1620 Legati
201 1553 282 1604 extra
300 1548 414 1606 ltaliam
428 1592 435 1617 ,
451 1549 568 1609 cosdem
587 1548 744 1625 Episcopus
758 1591 766 1617 ,
779 1547 990 1624 Inquisitores,

85 1627 115 1677 et
128 1619 358 1694 Universitatos,
378 1624 478 1683 scdulo
495 1626 622 1683 excitare
635 1622 795 1684 debebunt.

498 1774 514 1850 s
533 1775 585 1832 lv.

123 1923 219 1985 Iidem
232 1925 391 2005 Apostolici
414 1935 495 1988 extra
517 1927 630 1989 Italiam
651 1927 776 2003 Nuntii,
789 1928 851 1988 sive
870 1929 992 2006 Legati,

84 2021 139 2062 nec
153 2019 214 2062 non
228 2004 259 2062 in
279 2004 361 2064 Italia
375 2007 508 2086 Episcopi
522 2051 530 2078 ,
545 2016 574 2066 ct
585 2006 778 2083 Inquisitores
791 2051 798 2072 ,
813 2025 877 2065 eam
890 2025 992 2069 curam

83 2081 261 2158 suscipient,
273 2091 306 2141 ut
332 2083 454 2161 singulis
474 2084 559 2143 annis
579 2084 742 2174 catalogum
756 2083 913 2162 diligenter
932 2086 991 2145 col-

85 2156 194 2218 lectum
219 2158 364 2219 librorum
386 2163 417 2220 in
438 2162 497 2220 suis
522 2162 656 2240 partibus
680 2179 912 2238 impressorum,
939 2165 990 2241 qui

84 2246 133 2295 aut
146 2233 289 2315 prohibiti
301 2239 380 2308 sint,
395 2248 446 2298 aut
459 2240 670 2318 expurgatione
688 2239 856 2317 indigeant,
870 2240 906 2299 ad
923 2261 990 2301 san-

85 2322 159 2373 ctam
185 2313 291 2372 Sedem
311 2316 505 2393 Apostolicam
518 2361 526 2384 ,
539 2317 586 2376 vel
600 2318 862 2396 Congrcgationem
884 2319 990 2379 Indicis

85 2389 119 2451 ab
129 2391 180 2451 illa
195 2390 365 2470 deputatam
377 2437 385 2466 ,
398 2393 609 2454 transmittant.

502 2555 576 2638 ov.

119 2713 255 2791 Episcopi
268 2758 276 2785 ,
289 2720 319 2772 et
332 2711 523 2789 Inquisitorcs
534 2757 544 2785 ,
555 2729 607 2771 scu
619 2711 656 2772 ab
672 2711 774 2772 iisdem
787 2713 965 2794 subdelegati
979 2759 988 2787 ,

86 2797 111 2848 et
120 2790 275 2870 deputati,
292 2799 353 2849 tam
372 2792 403 2849 in
428 2790 529 2860 ltalia,
544 2808 633 2867 quam
659 2800 760 2860 extra,
795 2809 864 2850 enas
888 2811 918 2850 se
937 2791 990 2849 ha·

86 2865 166 2928 beant
178 2869 363 2947 singularum
383 2867 537 2928 nationum
557 2867 685 2943 Indices,
698 2876 732 2926 ut
756 2811 902 2927 lignorum
915 2912 923 2938 ‚
937 2868 989 2943 qui

86 2945 156 3022 apud
185 2946 251 3005 illas
276 2945 426 3017 damnati,
452 2965 485 3006 ac
506 2939 648 3024 prohibiti
674 2953 767 3016 sunt,
792 2944 990 3019 cognitionem

86 3015 223 3083 habentes
235 3065 242 3090 ,
256 3021 368 3080 facilius
384 3025 551 3101 prospicere
577 3023 690 3100 possint
703 3027 771 3091 ,¹an
792 3022 882 3077 ctiam
901 3037 990 3080 asuaa

83 3095 295 3233 jurisdicpionis
304 3099 391 3157 terris
408 3099 525 3159 eosdem
544 3099 712 3174 recognitos
724 3111 845 3165 arcere,
859 3096 905 3154 vel
919 3098 990 3157 reti-

85 3193 149 3239 nere
163 3177 204 3238 de
226 3181 305 3232 eant.

492 3293 509 3371 ς
527 3293 578 3353 v1.

120 3458 155 3514 ln
167 3454 342 3514 universum
358 3457 456 3508 autem
465 3447 501 3508 de
518 3447 624 3523 malis,
637 3455 667 3508 ct
679 3447 848 3526 perniciosis
862 3451 945 3511 libris
956 3446 987 3510 id

86 3526 266 3604 declaratur,
287 3538 374 3606 atque
386 3526 542 3602 statuitur,
560 3534 593 3587 ut
606 3527 657 3605 qui
671 3536 747 3588 certa
770 3529 867 3605 aliqua
885 3529 987 3608 lingua
