2384 3942
29 569 44 620 a

26 647 44 732 ξ’

26 745 47 802 li

11 201 54 466 ³}
122 314 590 416 cccccccccc
638 317 836 419 caca
883 322 1015 442 ato

328 576 365 612 ΑΒ
382 577 551 614 nartem
569 577 617 614 RE!
634 576 803 616 ΠΙΟΙΙΛΙ.

525 786 603 798 α*

152 949 223 1022 Quae
234 949 273 1010 ad
294 947 448 1010 Catholicae
463 949 623 1030 Religionis
644 949 803 1028 puritatem
827 948 1018 1028 integerrime

29 1085 32 1095 ,
117 1027 273 1099 tuendam,
287 1036 317 1087 et
339 1037 430 1088 castos
443 1035 538 1088 mores·
550 1047 566 1086 a
580 1028 753 1105 contagione
763 1035 847 1086 caute
861 1027 1018 1086 servandos

115 1105 242 1164 maxime
251 1105 420 1182 pertinent,
434 1123 501 1164 cum
512 1123 627 1184 semper
635 1104 672 1164 ab
682 1104 846 1183 Apostolica
856 1102 909 1164 hac
919 1113 1017 1163 sancta

115 1178 187 1239 Sede
220 1182 342 1253 rorida,
363 1183 567 1260 sapienterque
589 1183 763 1253 constituta,
787 1189 817 1240 et
840 1182 1018 1242 sanctissime

115 1267 176 1317 cust
218 1260 257 1318 'ta
272 1260 349 1335 sint,
364 1267 428 1319 tum
446 1260 519 1318 illud
538 1261 570 1318 in
588 1259 692 1338 primis
711 1257 851 1318 laudabili
869 1260 1018 1320 Romano-

114 1350 182 1392 rum
203 1336 381 1396 Pontificum
409 1337 654 1417 praedecessorum
678 1345 848 1396 nostrorum
879 1338 958 1409 zelo,
985 1354 1018 1396 ac

113 1411 266 1489 vigilantia
280 1415 432 1492 provisum
445 1459 453 1487 ,
468 1425 498 1474 et
514 1423 632 1474 cautum
644 1413 715 1484 fuit,
731 1432 769 1472 ne
785 1413 881 1473 ullum
895 1422 1018 1493 propter

112 1505 240 1621 pravos,
254 1491 579 1570 exitiososqueLibros,
601 1490 708 1569 quibus
719 1491 810 1563 fides,
826 1500 856 1551 et
867 1493 958 1570 pictas
974 1491 1017 1549 la-

134 1565 252 1625 efactari
274 1568 450 1646 plerumque
466 1570 579 1640 solent,
604 1566 845 1628 Christifidelium
865 1567 1018 1628 animabus

113 1640 340 1718 praejudicium,
360 1663 392 1701 ac
416 1643 626 1704 detrimentum
652 1646 844 1723 irrogaretur.
869 1644 1018 1718 Quamob-

113 1735 181 1773 rem
195 1733 256 1775 non
274 1719 370 1776 solum
388 1717 556 1796 hujusmodi
580 1723 681 1780 Libros
698 1723 883 1798 improbare,
901 1731 930 1780 et
949 1740 1019 1799 pro-

114 1791 246 1851 scribere
270 1805 502 1867 consueverunt,
522 1797 572 1854 sed
590 1815 628 1854 ne
648 1797 747 1854 vetitae
772 1815 890 1873 quoque
914 1814 1019 1855 eorum

113 1869 249 1930 lectionis
263 1872 372 1932 oblivio
382 1873 441 1932 ulla
455 1892 585 1951 unquam
601 1871 790 1950 subreperet,
814 1881 865 1932 aut
882 1873 1020 1951 ignoran-

15 2009 18 2020 ,
112 1948 154 2008 tia
170 1948 399 2022 obtenderetur,
414 1951 537 2042 publicis
560 1949 686 2021 tabulis,
703 1959 791 2027 atque
805 1950 939 2041 catalogis
955 1967 1019 2010 eos-

111 2027 182 2086 dem
197 2029 376 2105 perniciosos
391 2030 492 2089 Libros
512 2027 654 2098 describi,
678 2036 707 2086 et
730 2029 893 2108 consignari
915 2029 1018 2089 volue-

111 2113 186 2163 runt
197 2126 206 2178 3
223 2123 280 2182 quo
293 2122 360 2164 sane
368 2105 462 2179 fieret,
474 2115 517 2179 ut,
527 2108 625 2186 palam
637 2105 818 2177 denuntiata,
830 2107 1017 2184 atqueoculis

111 2181 243 2259 subjecta
254 2200 356 2242 eorum
365 2185 528 2262 pravitate,
547 2185 584 2244 ab
598 2183 732 2243 omnium
751 2185 886 2244 manibus
904 2184 1016 2245 facilius

111 2268 350 2319 removerentur.
365 2263 516 2340 Crescente
529 2271 626 2322 autem
636 2262 668 2321 in
680 2261 742 2320 dies
753 2262 872 2322 exitiosa
882 2262 1015 2340 ipsorum

111 2347 229 2414 segete,
252 2346 281 2397 et
297 2339 408 2416 copia,
434 2339 568 2399 renovari
591 2339 773 2412 identidem,
798 2348 886 2418 atque
915 2357 950 2397 au
971 2342 1015 2400 eri

111 2416 246 2494 oportuit
257 2416 368 2475 indices
382 2417 459 2495 ipsos
470 2462 478 2489 ,
489 2434 616 2495 quorum
627 2417 758 2508 primum
769 2418 888 2494 quidem
899 2357 1015 2493 pubiica

110 2493 246 2553 Ecclesiae
266 2493 437 2553 auctoritate
448 2513 464 2553 a
477 2494 697 2574 sapientissimis
710 2494 889 2554 Tridentinae
903 2494 1013 2572 Synodi

111 2571 248 2631 Patribus
260 2570 432 2649 dispositum
450 2572 499 2631 iel.
521 2591 580 2631 rec.
600 2573 668 2631 Pius
684 2573 741 2630 PP.
766 2573 805 2630 lV
842 2571 1015 2631 raedecassor

110 2658 211 2708 noster
238 2648 358 2725 optimis
379 2650 488 2728 regulis
517 2650 733 2709 communitum
757 2668 794 2727 pe
821 2650 896 2723 ecit,
926 2656 1015 2726 atque

109 2725 276 2804 Apostolica
293 2728 463 2786 auctoritate
479 2727 611 2806 vulgavit
631 2748 638 2784 :
662 2725 767 2785 deinde
787 2745 858 2786 vero
881 2727 1015 2786 Clemens

109 2803 163 2862 PP.
181 2804 255 2863 Vlll
269 2803 372 2862 itidem
385 2805 578 2883 praedecessor
602 2812 700 2864 noster
713 2804 868 2864 Librorum
889 2819 1014 2861 numero

108 2891 226 2942 auctum
239 2924 248 2951 ,
263 2889 351 2970 atque
371 2883 521 2941 nonnullis
542 2883 573 2940 in
589 2881 747 2941 antedictas
771 2881 895 2959 Regulas
915 2877 1015 2937 obser-

107 2959 278 3019 vationibus
301 2959 480 3020 rllustratum
502 2978 577 3019 nova
602 2960 668 3018 luce
688 2958 820 3017 donavit.
851 2953 1015 3013 Alexander

107 3034 239 3114 denique
253 3035 308 3092 PP.
326 3037 381 3094 Vll
400 3040 510 3116 pariter
534 3037 730 3116 praedecessor
752 3042 852 3092 noster
863 3030 977 3092 diversa
996 3052 1012 3092 a

107 3113 262 3190 prioribus
282 3110 420 3172 methodo
441 3114 628 3187 ordinatum,
648 3120 737 3187 atque
752 3111 784 3166 in
803 3107 897 3166 varias
917 3119 1012 3187 partes

108 3193 258 3252 tributum
270 3182 439 3262 hujusmodi
452 3189 581 3248 lndicem
593 3206 646 3246 suc
658 3185 780 3244 nomine
791 3184 836 3244 edi
848 3185 959 3262 voluit,
979 3209 1013 3250 ac

107 3263 305 3345 promulgari.
319 3263 379 3322 Etsi
394 3271 491 3322 autem
510 3282 564 3342 pro
576 3273 746 3340 temporum
759 3264 924 3325 conditione
943 3267 1012 3326 satis

107 3345 286 3426 diligenter,
300 3348 388 3419 atque
410 3341 522 3401 utiliter
535 3341 567 3400 in
588 3340 624 3399 iis
645 3338 830 3402 conficiendis
846 3341 1011 3402 laboratum

107 3424 167 3497 sit,
187 3423 329 3482 diuturna
343 3427 441 3478 tamen
464 3418 685 3492 observatione,
707 3426 793 3497 atque
810 3421 1011 3499 experimento

109 3509 296 3582 compertum
305 3505 360 3574 est,
367 3507 542 3561 memoratos
553 3497 665 3558 indices
673 3515 768 3576 neque
775 3499 843 3559 satis
850 3505 1009 3635 porrectos,
