2384 3942
452 237 645 282 cousrrrurro.
767 268 771 277 ,
920 243 1000 285 xxxv

98 321 168 386 dum
180 326 259 398 erit,
273 333 307 385 ut
323 345 410 406 supra
423 328 576 408 deprimis
593 329 708 390 duobus
720 329 959 405 consultoribus,
972 341 1003 393 et

98 401 135 462 de
159 405 283 464 relatore
304 406 496 466 constitutum
519 416 583 480 est,
609 425 626 466 a
653 407 816 466 Secretario
838 407 1001 488 eligendis,

97 489 204 556 praeter
213 483 406 542 Secretarium
418 484 515 562 ipsum
527 530 535 557 ,
547 484 631 562 cujus
639 494 736 562 partes
748 493 837 544 erunt
846 486 878 543 in
891 486 1002 546 tabulas

99 559 205 619 referre
224 561 432 619 consultorum
452 565 628 636 sententias,
651 580 722 640 quas
740 561 846 622 deinde
867 561 904 621 ad
927 566 1003 624 con·

98 639 293 714 gregationem
303 637 504 698 Cardinalium
516 640 632 713 mittet,
644 658 712 698 cum
722 639 855 700 relatoris
868 659 1002 700 censura.

99 711 132 769 ln
152 717 281 792 generali
305 715 425 776 demum
448 718 678 796 congregatione
700 718 798 776 omnia
819 718 869 776 illa
892 719 1004 778 servari

96 787 258 863 debebunt,
273 811 340 870 quoe
353 795 486 872 superius
505 805 611 855 statuta
623 803 692 854 suut
704 812 759 874 pro
772 796 1005 874 congregatione

96 871 182 929 uncti
197 870 294 929 Officii
309 871 385 929 circa
399 871 544 932 librorum
556 891 691 932 examen.
703 874 744 930 Ac
755 872 1004 949 quemadmodum

97 945 129 1002 ad
142 948 324 1007 Assessorem
342 950 432 1008 sancti
452 950 546 1009 Officii
561 951 690 1029 pertinet
701 949 737 1008 de
748 950 817 1008 actis
832 950 864 1008 in
876 953 1005 1029 congre-

96 1025 209 1098 gatione
233 1044 383 1085 summum
408 1027 580 1087 Pontificem
603 1037 717 1086 certum
739 1026 881 1104 reddere3
906 1028 946 1088 ita
967 1029 1004 1089 ad

98 1099 291 1163 secretarium
315 1105 554 1182 Congregationis
579 1105 686 1164 indicis
708 1104 869 1182 spectabit,
891 1105 1005 1182 quotics

95 1172 154 1237 baec
169 1181 282 1240 librum
294 1181 331 1238 ali
354 1199 422 1240 uem
436 1181 701 1260 proscribendum,
720 1190 770 1240 aut
787 1180 1005 1243 emendandum

95 1258 259 1330 censuerit,
273 1201 404 1335 ejusdem
417 1259 566 1321 Pontificio
575 1278 725 1318 assensum
735 1304 742 1332 ,
753 1260 862 1336 praevia
869 1257 1004 1340 diligenti

95 1342 229 1394 actorum
241 1336 376 1396 omnium
391 1335 555 1411 relatione,
570 1337 737 1416 exquirere.

131 1463 194 1543 §a
214 1468 360 1540 Quoniam
379 1485 450 1528 vero
472 1469 504 1528 in
522 1467 754 1547 congregatione
770 1463 877 1525 Indicis
895 1465 933 1525 dc
945 1465 1006 1524 sola

92 1537 242 1602 librorum
276 1544 483 1606 rohibitionea
505 1549 584 1615 itur,
600 1544 742 1605 nonnulla
756 1542 888 1603 hocloco
902 1541 1007 1619 adjun-

92 1619 192 1693 genda
212 1563 428 1694 judicavimus,
453 1565 549 1682 eidem
574 1622 798 1699 congregationi
821 1621 1008 1698 potissimum

93 1695 166 1753 usui
187 1695 304 1765 futura,
319 1716 385 1771 quse
398 1706 496 1756 tamen
514 1699 551 1756 ab
564 1699 655 1756 altera
675 1700 764 1755 etiam
777 1698 1009 1777 congregatione

95 1770 195 1828 saneti
215 1771 328 1840 Officii,
343 1772 417 1829 dum
439 1771 577 1848 inhujus
598 1791 716 1848 quoque
735 1774 851 1849 generis
871 1774 963 1829 causis
980 1791 1011 1830 se

96 1845 249 1906 immiscet
262 1891 270 1919 ,
283 1847 334 1906 ubi
349 1846 458 1906 similes
470 1865 572 1907 rerum
587 1848 811 1906 circumstantiae
823 1862 855 1904 se
867 1847 1010 1918 offerant,

94 1941 186 2000 aeque
201 1924 380 1984 observanda
392 1934 490 1985 erunt.
504 1925 752 2000 Quotiescumque
768 1931 872 2001 agatur
884 1923 921 1982 de
935 1923 1012 1984 librd

92 2003 226 2062 auctoris
235 2001 396 2074 Catholici,
412 2004 462 2081 qui
476 2004 515 2063 sit
527 2005 651 2081 integrae
663 2001 766 2071 famae,
779 2009 809 2059 et
824 2001 895 2059 clari
913 2002 1011 2060 nomi-

93 2079 144 2138 nis
158 2123 167 2151 ,
181 2080 229 2139 vel
242 2079 280 2139 ob
292 2081 364 2140 alios
373 2081 467 2140 editos
480 2081 573 2140 libros
586 2125 593 2153 ,
610 2080 657 2138 vel
669 2079 744 2139 forte
757 2079 796 2138 ob
808 2096 877 2138 eum
892 2080 989 2158 ipsum
1002 2125 1010 2149 ‚

92 2157 149 2234 qui
173 2155 204 2216 in
227 2175 350 2218 examen
371 2159 544 2231 adducitur,
568 2168 597 2218 et
618 2155 698 2216 bunc
718 2156 839 2234 quidem
864 2157 1010 2236 proscribi

94 2243 254 2312 oporteat,
267 2255 330 2314 pre
345 2236 437 2295 oculis
449 2235 592 2295 habeatur
607 2253 662 2294 usu
672 2233 786 2311 jamdiu
807 2244 924 2313 recepta
940 2253 1010 2294 con-

93 2313 224 2372 suetudo
247 2312 423 2390 probibendi
446 2314 579 2385 librum,
602 2311 711 2389 adjecta
733 2313 889 2371 clausula:
912 2314 1011 2374 Donec
1063 2382 1066 2392 Ι

93 2391 281 2472 corrigatur,
297 2409 348 2449 seu
358 2394 456 2451 Donec
469 2399 662 2472 expurgetur,
677 2391 700 2450 si
715 2391 812 2449 locum
824 2388 933 2448 babere
943 2408 1011 2468 pos-

94 2467 153 2540 sit,
169 2485 226 2526 nec
237 2486 325 2546 grave
358 2469 491 2546 uidpiam
505 2469 620 2540 obstet,
634 2486 694 2546 quo
712 2469 811 2527 minus
823 2467 855 2525 in
870 2485 937 2526 casu
951 2512 958 2538 ,
974 2468 1011 2526 de

94 2563 156 2622 quo
173 2545 290 2622 agitur,
305 2488 438 2605 adbiberi
450 2547 556 2606 valeat.
575 2548 634 2604 llac
648 2553 746 2604 autem
762 2545 930 2604 conditione
962 2561 1011 2604 ro-

95 2623 253 2701 scriptioni
268 2622 398 2701 adjecta,
412 2642 472 2683 non
482 2625 583 2684 'statim
596 2622 701 2682 edatm
715 2623 887 2692 decretum,
901 2640 914 2680 s
962 2640 1012 2679 su-

95 2717 205 2778 spensa
223 2700 302 2759 illius
320 2701 518 2779 publicatione
531 2745 539 2772 ,
554 2719 602 2759 res
621 2709 706 2759 antea
722 2719 790 2758 cum
810 2708 945 2769 auctore,
965 2698 1012 2756 vel

94 2777 206 2854 quovis
219 2777 310 2837 altero
343 2797 378 2838 ro
387 2797 446 2838 eoa
468 2789 536 2838 ente
547 2822 554 2850 ,
566 2786 595 2836 et
603 2786 744 2856 rogante,
758 2775 1012 2843 communicetur,

96 2863 189 2933 atque
210 2855 237 2913 ei
279 2857 309 2915 ui
352 2797 530 2927 delendum,
548 2855 744 2927 mutandum,
767 2850 1015 2928 corrigendumve

95 2930 209 3003 buerit,
224 2873 380 2993 indicetur.
398 2933 484 3008 Quod
504 2935 528 2992 si
546 2951 634 2993 nemo
653 2932 780 2991 auctoris
793 2928 915 2988 nomine
933 2941 1014 2984 com-

96 3018 222 3086 pareat,
237 3010 284 3066 111
298 3011 376 3145 ipse,
389 3021 439 3070 aut
452 3013 526 3070 alter
540 3029 595 3089 pro
606 3029 641 3070 eo
649 3027 737 3088 agens
749 3003 935 3096 ,injunctam
949 3019 1015 3060 cor-

97 3090 265 3148 rectionem
280 3085 302 3144 li
322 3089 349 3145 ri
360 3089 502 3147 detrectet
516 3131 524 3157 ,
537 3104 668 3164 congruo
679 3083 802 3144 definito
816 3089 951 3154 tempore
963 3078 1014 3139 de-

97 3175 218 3226 cretum
232 3160 345 3220 edatur.
360 3165 390 3221 si
402 3181 473 3222 vcro
484 3163 564 3219 idem
577 3172 697 3232 auctor,
712 3157 812 3235 ejusve
822 3163 1012 3233 procurator,
1070 3168 1074 3177 “

97 3238 349 3321 congregationis
355 3237 434 3315 jussa
447 3237 566 3308 lecerit,
578 3235 636 3295 hoc
655 3243 717 3304 est,
732 3250 839 3292 novam
852 3232 1014 3296 instituerit

98 3317 172 3380 libri
185 3317 348 3378 editionem
366 3332 433 3374 cum
445 3313 620 3392 opportunis
633 3310 887 3389 castigationibus,
901 3331 933 3372 ac
946 3332 1014 3374 mu-

97 3397 265 3458 tationibus
278 3416 287 3470 3
301 3402 372 3454 tune
383 3391 585 3531 sppprimatur
599 3387 820 3480 proscriptionis
836 3389 987 3450 decretum
1003 3413 1010 3448 :

100 3476 160 3534 nisi
180 3475 258 3533 sorte
272 3471 380 3551 prioris
436 3467 536 3530 itionis
561 3485 644 3528 exem
668 3465 739 3525 11111
756 3485 863 3547 magno
889 3485 1014 3527 numero

98 3552 244 3612 distracta
255 3550 386 3612 tuerint:
403 3559 473 3611 tunc
487 3545 567 3620 enim
579 3546 620 3607 ite
654 3554 785 3609 caretum
803 3543 1015 3623 publicandum
