2384 3942
395 0 410 14 V
430 0 541 14 Gallu
564 0 704 14 uun*
717 0 790 15 vu
817 0 928 15 luo·
955 0 1042 16 ”V
1068 0 1207 18 {Ul-GV
1230 0 1260 16 υ
1293 0 1449 17 ωιυυ
1474 3 1491 29 ’
1528 0 1587 16 DV

457 34 736 93 ementita
816 36 1178 94 Constantini
1269 36 1588 96 donatione

458 110 836 170 Declamatio.
1754 152 1909 231 (lud,
1942 157 2147 237 Trid.)

381 256 461 268 --·
497 226 585 285 De
621 225 829 284 Libero
861 225 1140 286 Arbitrio.
2169 265 2176 270 ·

382 304 584 439 —bDe
633 304 948 381 Voluptate
972 348 988 375 ‚
1044 311 1104 362 et
1141 321 1282 363 vero
1331 304 1487 395 bono
1526 304 1590 365 li-

501 399 552 438 r1
587 397 678 438 ιιι.

383 499 461 507 —-
500 465 921 525 Annotationes
948 466 1010 525 in
1045 469 1280 528 Novum
1317 470 1773 529 Testamentum.
1819 475 2027 534 Donec
2070 495 2190 536 cor-

462 542 755 621 riqantur.
801 540 1126 621 (App.1nd.
1158 544 1348 622 Trid.)
1672 552 1676 559 '

385 659 463 670 --
501 627 681 701 Caput
716 626 792 683 54
835 627 972 686 libri
1000 649 1060 688 vi
1091 630 1559 706 Elegantiarum‚
1600 630 1675 689 de
1703 634 1961 693 Persona
1988 648 2185 697 contra

464 699 794 760 Boethium.
818 707 1013 764 Donec
1056 707 1404 786 corrigatur.
1437 707 1611 785 (App.
1644 710 1778 769 Ind.
1810 707 2007 791 Trid.)

388 778 551 837 Valle
572 779 776 838 Clausa
820 781 1049 859 (Petrus
1075 784 1150 862 a).
1179 785 1266 841 De
1304 786 1679 845 immunitate
1724 797 2036 849 auctorum
2080 794 2185 869 Cy-

461 856 758 917 riacerum
780 874 1103 919 acensura.
1137 859 1325 940 (Decr.
1368 864 1445 922 20
1468 864 1628 922 Junii
1659 866 1834 924 1662.

384 932 550 990 Valle
581 931 800 1012 (Pietro
825 936 1020 1015 della).
1068 939 1233 996 Delle
1279 939 1615 999 conditioni
1656 941 1716 1000 di
1752 942 1947 1014 Ab-as
1996 951 2079 1004 Re
2127 946 2181 1004 di

462 1011 679 1072 Persia.
702 1011 997 1074 Editionis
1038 1018 1264 1076 Vcnctae
1287 1019 1437 1078 anni
1463 1020 1637 1077 1628.
1690 1019 1836 1078 Cum
1864 1021 2089 1082 Auctor
2125 1031 2187 1081 ut

461 1105 639 1147 suum
685 1109 804 1150 non
851 1099 1125 1172 aynoscat
1154 1094 1275 1152 nisi
1314 1090 1532 1155 librum
1575 1098 1775 1156 Romoe
1811 1097 2179 1178 impressum.

466 1164 657 1243 (Decr.
687 1170 760 1227 19
788 1170 979 1229 Martii
1017 1169 1219 1246 1655.)

388 1250 679 1312 Vallemot
701 1251 802 1330 (M.
834 1255 898 1311 L.
917 1255 983 1311 L.
1023 1253 1141 1332 de).
1179 1258 1255 1314 La
1282 1254 1577 1334 Physique
1613 1257 1837 1316 occulte
1862 1303 1878 1330 ‚
1907 1261 2185 1319 ouTraite

468 1328 541 1387 de
568 1330 624 1388 la
652 1334 927 1407 Baguette
946 1332 1319 1392 divinatoire.
1351 1332 1541 1411 (Decr.
1566 1335 1641 1393 26
1682 1335 1955 1396 Octobris
1990 1338 2184 1415 1701.)

389 1406 651 1465 Valesius
675 1409 1031 1468 FranciscuS.
1059 1413 1146 1469 De
1169 1413 1339 1470 Sacra
1368 1410 1737 1501 Philosophia
1761 1456 1777 1483 ,
1811 1430 1916 1472 seu
1965 1415 2039 1474 de
2080 1416 2147 1474 iis
2170 1459 2184 1485 ‚

461 1483 1639 1643 quaenplhtysictznscripgaAsunt81163350138
1688 1490 1951 1551 Litteris.
2000 1496 2189 1553 Donec

468 1578 587 1620 eme
671 1581 698 1620 e
725 1581 818 1622 ur.
919 1584 1036 1624 ecr.
1179 1586 1214 1625 u
1258 1585 1325 1625 us
1353 1585 1372 1624 1
1556 1609 1569 1623 .
1676 1627 1680 1630 ,

387 1637 519 1696 Van
541 1639 813 1698 Buseum.
857 1641 997 1702 Vide
1019 1585 1293 1703 Buscmffi.

389 1715 520 1773 Van
545 1717 708 1776 Dale.
750 1715 890 1780 Vide
906 1719 1072 1779 Dale.

388 1792 519 1850 Van
538 1793 761 1854 Doren.
798 1794 937 1856 Vide
962 1801 1176 1857 Doren.

389 1867 519 1927 Van
550 1868 624 1927 de
643 1874 840 1932 Nesse.
875 1872 1016 1936 Vide
1044 1878 1242 1936 Nesse.

390 1943 522 2003 Van
545 1945 619 2005 de
639 1950 886 2009 Velden.
939 1949 1079 2012 Vide
1107 1952 1355 2013 Velden.

389 2019 519 2079 Van
548 2022 653 2081 der
675 2026 927 2084 Muelen.
967 2026 1108 2088 Vide
1139 2032 1198 2087 M
1203 2031 1392 2088 uelen.

390 2097 519 2157 Van
545 2099 650 2159 der
665 2103 955 2162 Woestin.
994 2098 1135 2163 Vide
1159 2107 1448 2169 Woestin.

394 2175 522 2235 Van
545 2177 740 2237 Erkel.
775 2177 915 2241 Vide
933 2178 1131 2240 Erkel.

394 2253 523 2314 Van
549 2257 758 2336 Espen.
795 2254 936 2320 Vide
964 2259 1174 2336 Espen.

393 2341 652 2400 Van-Ess
676 2342 954 2407 Leander.
973 2344 1076 2402 Die
1109 2343 1365 2425 heiligen
1379 2348 1596 2409 Schrif-

473 2427 572 2477 ten
609 2418 710 2478 des
755 2423 959 2482 Neuen
1003 2425 1363 2484 Testaments
1420 2428 1596 2486 iiber-

470 2502 610 2554 setz.
645 2498 852 2558 Latine
876 2516 1008 2558 vero
1033 2522 1055 2557 .-
1092 2501 1261 2560 Sacra
1297 2503 1595 2582 Scriptura

473 2573 622 2632 Novi
638 2575 988 2636 Testamenti
1004 2595 1167 2635 versa
1180 2578 1591 2658 (Germanice).

394 2683 472 2691 —-
511 2648 986 2732 Rechtsertigung
1060 2653 1167 2713 der
1240 2657 1596 2734 gemischten
1824 2707 1870 2761 D
2044 2709 2120 2765 Π

473 2724 635 2785 Ehen
671 2796 678 2804 ‚
716 2729 1003 2790 zwischen
1056 2731 1412 2803 Katholiken
1473 2736 1594 2795 und
1873 2722 1994 2764 ‘³⁰¹²
2102 2787 2144 2815 ,Ἰ

473 2804 876 2866 Protestanten
913 2811 976 2868 in
1041 2811 1597 2873 statiseh-Kirclich-
1839 2785 2148 2919 ffifflnbm*

468 2880 591 2938 und
603 2883 979 2946 moralischer
993 2887 1282 2962 Hinsicht‚
1295 2908 1409 2949 von
1424 2891 1594 2950 einen
2002 2861 2043 2937 ·)

470 2956 888 3020 Katholischen
922 2965 1270 3026 Geistlichen
1296 2968 1405 3027 mit
1432 2969 1595 3029 einer

470 3032 753 3093 Vorrede.
791 3039 1001 3100 Lati-ne
1044 3060 1176 3102 vero
1204 3063 1225 3097 .·
1253 3045 1595 3108 Justificatio

466 3111 991 3178 matrimoniorum
1054 3119 1374 3181 mixtorum
1436 3123 1592 3183 inter

470 3184 794 3244 Catholicos
833 3197 893 3248 et
929 3196 1318 3256 Proteslames
1347 3248 1359 3268 ,
1386 3209 1495 3260 ete.

574 3541 708 3576 hr-

1773 3641 1793 3642 ῐ
1859 3643 1890 3651 v

1935 3788 1941 3795 ι
