2384 3942
172 189 229 229 XXX
472 187 615 230 rarenter!
637 185 713 228 PAPAE
732 186 781 226 xlv

173 269 371 342 conficiendo,
394 276 480 346 atque
494 270 659 348 vulgando,
677 287 738 327 non
756 269 941 331 absolverent
957 272 1072 342 solum,

172 357 260 424 atquc
283 348 479 426 perficerent,
500 345 552 405 sed
577 347 796 425 sapientissimis
818 349 907 406 etiam
928 349 1073 420 decretis,

173 445 206 483 ac
225 427 333 504 regulis
352 424 580 484 communirent.
595 423 680 497 Quod
697 424 821 502 quidem
832 425 982 502 negotium
996 427 1075 504 Apo-

173 503 275 562 stolica
295 502 380 562 Sedes
398 501 583 561 continenter
601 511 712 580 urget,
736 521 770 560 ac
793 511 969 579 promovet3
989 505 1026 563 ad
1046 502 1077 562 id

174 579 318 658 deputatis
334 577 446 637 duabus
464 588 568 638 sanctae
582 581 721 638 Romanae
733 581 864 638 Ecclesiae
878 579 1077 639 cardinalium

175 655 475 735 Congregatiouibus,
493 658 600 732 quibus
619 676 693 716 onrrs
712 655 881 734 inquirendi
899 657 931 714 in
953 675 1077 735 pravos,

174 735 334 808 noxiosque
350 732 441 791 libros
460 733 631 812 impositum
649 743 692 793 est
704 779 712 804 ,
726 733 994 812 cognoscendique,
1012 735 1079 810 qui-

174 813 229 872 bus
259 809 444 880 emendatio,
470 820 499 869 et
527 812 634 888 quibus
679 813 833 890 rescriptio
860 811 1012 870 debeatur.
1045 812 1078 869 ld
1149 816 1151 821 '

174 887 306 950 muueris
337 888 561 966 congregationi
592 891 713 966 quiem
740 891 879 948 Romanae
905 888 1078 946 universalis

175 963 375 1040 luquisitionis
395 984 411 1022 a
428 966 518 1024 Paulo
533 968 573 1025 lV
587 967 776 1025 commissum
814 965 968 1036 erbibent,
989 964 1080 1042 idque

175 1041 270 1100 adhuc
293 1042 329 1100 ab
351 1060 384 1100 ca
411 1043 538 1101 exerceri
562 1045 680 1122 pergit,
709 1044 760 1102 ubi
787 985 824 1102 de
844 1044 927 1102 libris
946 1043 982 1102 ad
1002 1050 1080 1101 certa

175 1137 277 1178 rerum
294 1137 400 1196 genera
422 1121 637 1198 pertinentibus
650 1119 842 1198 judicandum
860 1121 997 1180 occurrit.
1012 1122 1081 1179 Cer-

160 1203 242 1256 'tum
261 1207 304 1256 est
323 1205 441 1265 autem,
462 1208 594 1257 sanctum
614 1200 698 1257 Pium
714 1199 741 1256 V
760 1199 889 1276 primum
905 1198 991 1256 fuisse
1005 1199 1081 1256 Con-

175 1275 351 1352 gregationis
382 1275 489 1334 Indicis
512 1276 733 1347 institutorem,
759 1294 848 1351 quam
870 1275 956 1334 subse
978 1283 1080 1334 uentes

177 1351 283 1410 deinde
297 1351 450 1412 Pontifices
464 1353 621 1431 Gregorius
634 1355 722 1420 Xlll,
738 1353 834 1411 Sixtns
847 1354 892 1424 V,
906 1361 935 1411 et
948 1295 1082 1410 dicineus

107 1428 111 1437 '
177 1430 247 1488 Vlll
275 1429 506 1499 confirmarunt,
527 1431 673 1506 variisque
696 1430 858 1508 privilegiis
884 1438 914 1488 et
937 1429 1081 1488 facultati·

177 1504 232 1564 bus
254 1515 422 1566 auxerunt:
444 1505 564 1584 ejusque
601 1507 754 1584 roprium,
771 1525 805 1564 ac
821 1508 881 1566 fere
897 1508 1018 1566 unicum
1038 1505 1082 1565 oi-

178 1581 278 1642 ficium
299 1592 361 1656 est,
387 1585 418 1642 in
439 1602 561 1643 examen
580 1525 672 1644 fibros
687 1601 805 1654 vocare,
825 1585 862 1647 de
874 1601 1082 1662 quorumpro-

178 1663 337 1739 scriptione
353 1705 363 1734 ,
385 1661 611 1734 emendatione,
644 1661 690 1721 vel
702 1705 705 1710 .
719 1662 912 1740 permissione
945 1661 1084 1740 capienda

178 1747 222 1798 est
243 1739 427 1800 deliberatio.

219 1815 234 1896 S
249 1819 277 1876 l.
292 1819 354 1892 Qua
372 1819 560 1891 maturitate,
579 1818 720 1887 consilio,
740 1835 774 1875 ac
786 1816 943 1894 prudentia
964 1816 995 1874 in
1009 1817 1085 1875 Con·

179 1895 348 1973 gregationc
374 1897 546 1956 universalis
569 1895 769 1970 Inquisitienis
790 1893 827 1950 de
850 1892 1084 1969 proscribendis,

180 1973 227 2030 vel
250 1973 432 2032 dimittendis
453 1973 536 2030 libris
557 1971 758 2037 deliberetur,
779 1987 848 2027 cum
871 1970 1022 2027 neminem
1041 1969 1085 2027 la-

180 2058 242 2109 tere
265 2058 424 2126 putamuS,
445 2055 509 2106 tum
533 2065 586 2106 uos
617 2047 671 2122 ipsi
697 2046 785 2124 plane
814 2054 1026 2122 perspectum,
1052 2064 1086 2106 ac

181 2123 321 2182 diuturna
349 2125 528 2202 experientia
552 2131 737 2259 compertum
767 2121 931 2197 habemus3
957 2142 1027 2182 nam
1051 2124 1084 2182 in

182 2201 347 2260 minoribus
373 2203 541 2272 constituti,
569 2201 606 2260 de
639 2201 712 2260 ibris
737 2201 887 2260 nonnullis
908 2199 941 2260 in
964 2219 997 2259 ea
1018 2219 1086 2260 cen-

182 2296 281 2336 suram
297 2280 438 2350 tulimuS,
460 2288 489 2338 et
502 2278 682 2338 consultoris
699 2276 828 2355 ejusdem
849 2279 1086 2356 Congregationis
1184 2294 1185 2301 ¹

182 2373 305 2415 munere
323 2357 373 2416 diu
417 2357 540 2414 erluncti
566 2374 687 2430 sumus,
709 2364 857 2433 postremo
877 2355 955 2414 inter
980 2365 1086 2414 sancte

183 2434 322 2492 Romanae
342 2376 474 2493 Eccscsiae
492 2433 658 2493 cardinales
675 2433 819 2511 cooptati,
841 2432 1024 2507 Inquisitoris
1037 2450 1087 2511 ge-

183 2511 289 2569 neralis
312 2513 409 2571 locum
431 2512 462 2570 in
481 2529 513 2570 ea
534 2511 734 2584 obtinuimus,
753 2529 787 2568 ac
810 2509 929 2568 demum
955 2510 991 2568 ad
1008 2511 1088 2587 alpo-

184 2589 315 2648 stolicam
336 2588 460 2661 Scdem,
482 2589 595 2648 meritis
616 2589 685 2647 licet
702 2587 882 2665 imparibus,
902 2588 992 2646 evecti
1005 2632 1013 2657 ,
1028 2605 1088 2645 non

185 2666 273 2726 modo
291 2669 453 2726 Censorum
474 2665 740 2726 animadversiones
760 2666 792 2723 in
813 2665 904 2723 libros
930 2665 1089 2723 nonnullos

184 2744 341 2821 aliquando
370 2745 487 2822 legere,
511 2763 544 2802 ac
566 2743 748 2822 ponderare,
772 2742 823 2800 scd
847 2741 936 2800 etiam
958 2743 989 2800 in
1012 2742 1090 2799 Con-

219 2821 424 2901 egaticnibus,
445 2839 511 2898 quae
529 2821 653 2898 singulis
669 2820 749 2878 feriis
766 2819 877 2897 quintis
891 2836 988 2878 coram
1005 2817 1091 2877 nobis

224 2901 355 2972 bantur,
385 2899 583 2958 Cardinalium
616 2897 795 2967 sententias,
819 2905 907 2973 atque
926 2895 1015 2955 suffra
1038 2897 1090 2968 'a,

186 2987 343 3056 antequam
366 2976 403 3036 dc
424 2976 527 3037 iisdem
552 2974 636 3034 libris
656 2975 728 3052 quid
752 2973 944 3046 decernatur,
970 2993 1007 3033 au
1029 2974 1090 3046 ire,

187 3064 216 3114 ct
242 3058 375 3134 excipere
398 3055 613 3114 consuevimus
636 3052 719 3112 liaud
734 3052 859 3110 minoris
869 3052 1029 3131 diligentiae
1048 3061 1092 3111 tc-
1130 3056 1133 3061 ’

187 3132 359 3194 stimonium
385 3133 462 3193 ferre
487 3148 659 3212 possumus,
694 3129 826 3208 adeoque
850 3130 1008 3200 debemus,
1037 3147 1092 3207 pro

189 3207 279 3267 altera
299 3213 529 3289 Congregatione
555 3207 686 3279 lndicis‚
711 3208 757 3267 cui
782 3209 956 3287 generaliter
977 3209 1093 3266 incum-

189 3284 251 3355 bit,
273 3294 307 3343 ut
332 3304 418 3363 supra
441 3289 586 3358 diximus,
609 3285 647 3345 de
667 3287 838 3363 quorumvis
857 3285 1002 3346 librorum
1022 3301 1094 3362 pro·

189 3363 347 3441 scriptione
368 3364 533 3424 dcccrirere.
546 3366 626 3422 Dum
643 3364 768 3421 enimin
784 3363 949 3422 minoribus
961 3376 1093 3421 versare-

191 3457 280 3510 mur,
298 3457 366 3498 cum
383 3441 491 3516 primi,
506 3449 571 3500 tum
587 3440 708 3498 secundi
720 3440 872 3509 (lemos-is,
888 3455 939 3496 seu
949 3438 1093 3498 Relatoris
1184 3460 1185 3521 ᾗ

191 3516 320 3576 officium
333 3515 363 3575 in
380 3533 412 3576 ea
430 3515 660 3594 Congrcgationc
678 3532 739 3575 non
758 3515 847 3576 semel
867 3513 1031 3592 abivimus3
1056 3535 1092 3575 ex
