2384 3942
157 203 267 244 xxxviii
454 205 597 245 BlilililllCTl
619 203 694 244 PAPAE
715 204 766 242 xlv

158 296 205 346 tus
229 305 289 377 ppo
304 287 362 363 sit3
384 287 421 347 ab
444 286 575 422 episdem
595 285 834 375 congregationis
858 286 1059 349 cardinalibus

159 364 315 424 eonsrlrum
336 372 453 444 expecta
476 382 571 434 imus,
595 372 683 439 atque
702 380 871 440 capiemus,
893 382 968 426 uum
990 383 1059 426 eum

158 460 213 578 pro
230 439 337 502 futuris
349 440 531 531 temporibus
542 439 666 500 definire
680 447 832 518 oporteat,
845 440 893 500 vel
906 443 1058 522 expediat:

180 537 215 580 oe
242 529 341 580 tamen
359 537 421 656 pam
454 536 533 577 nuno
564 519 770 590 deeernentes,
797 526 940 595 quatenus
958 537 1062 582 eorum

158 615 301 658 numerus
322 596 359 656 de
381 596 500 666 niatur,
525 603 559 654 ut
575 603 637 654 tam
650 596 798 655 Relatores
810 639 819 667 ,
832 613 922 672 quum
938 598 1063 659 Consul·

158 685 258 746 tores,
280 691 316 733 ex
335 681 462 748 utroque
478 674 562 733 clero
575 716 584 744 ,
598 673 728 732 seculari
742 691 849 751 nempe
868 682 898 734 et
920 675 1061 766 regulari,

158 758 367 822 assumantur,
400 749 449 810 alii
477 750 600 828 quidem
633 748 794 828 Theologi,
827 750 877 810 alii
904 760 1061 829 utriusque

156 829 233 908 juris
251 827 357 906 periti,
373 827 422 887 alii
448 845 527 887 sacra
543 871 551 900 ,
569 835 599 887 et
621 825 772 907 prophana
797 827 964 887 eruditione
986 847 1063 907 pras-

158 913 281 976 stantes,
305 912 338 963 ut
358 921 394 963 ex
414 922 518 964 eorum
539 914 640 974 eoetu,
664 922 719 982 pro
742 905 888 964 varietate
901 905 1060 978 librorum,

159 984 210 1074 qui
224 981 260 1041 ad
274 983 388 1061 Congre
408 983 535 1043 ationem
545 982 729 1052 deferuntur,
745 980 843 1041 idonei
858 981 914 1040 viri
928 999 990 1043 non
1010 983 1063 1042 de·

158 1067 218 1121 sint
242 1058 279 1119 ad
302 1001 457 1119 ierenffum
479 1059 515 1120 de
539 1075 718 1136 unoquoque
728 1055 885 1134 judicium.

197 1135 213 1214 S
233 1137 282 1196 11.
305 1137 385 1215 ipsos
400 1146 498 1204 autem
518 1138 686 1206 Relatorss,
710 1137 849 1195 Consulto
917 1154 973 1210 ue,
1001 1144 1061 1196 tam

159 1230 239 1274 nune
257 1213 432 1285 existentes,
463 1231 552 1294 quam
576 1215 609 1272 in
640 1222 791 1292 posterum
819 1230 898 1290 quan
918 1231 1062 1292 ooumque

159 1293 290 1362 laturos,
316 1308 489 1362 munemne,
509 1311 541 1351 ae
564 1289 754 1351 vehementer
771 1287 945 1362 hortamur,
969 1300 1004 1351 ut
1030 1293 1062 1352 in

160 1369 295 1428 examine
307 1413 317 1442 ,
327 1367 498 1446 judicioque
520 1369 668 1429 librorum
681 1412 690 1440 ,
703 1375 858 1444 sequentes
877 1368 1002 1447 Regulus
1017 1369 1064 1428 di-

161 1445 288 1524 ligenter
301 1447 481 1582 imppeiant,
503 1455 694 1524 accurateque
709 1443 883 1504 custodiant.

200 1521 216 1605 §
235 1524 284 1582 15.
306 1525 330 1582 l.
377 1523 555 1596 eminerint,
588 1541 649 1582 non
668 1522 699 1582 id
723 1521 779 1580 sibi
805 1522 937 1582 muneris
959 1523 1065 1584 oneris

161 1617 219 1678 que
232 1596 422 1678 impositum,
445 1608 479 1660 ut
491 1600 561 1661 libri
580 1599 617 1659 ad
639 1599 867 1659 examinandum
888 1600 943 1659 sibi
965 1601 1066 1661 traditi

159 1678 407 1758 proscriptionem
420 1679 516 1738 modis
529 1675 669 1738 omnibus
680 1685 804 1748 curent,
821 1685 909 1754 atque
921 1686 1066 1756 urgeant,

161 1756 213 1815 sed
238 1763 272 1816 ut
292 1755 426 1834 diligenti
448 1755 567 1826 studio,
597 1773 631 1813 ae
650 1753 749 1813 sedato
768 1754 867 1814 animo
896 1755 994 1833 ipsum
1015 1773 1067 1814 ex-

161 1832 344 1912 pendentes,
368 1832 469 1894 fideles
487 1832 705 1893 observationes
719 1849 804 1898 suus,
824 1849 966 1908 verasque
977 1832 1067 1891 ratio-

161 1925 214 1972 nes
231 1910 456 2003 Congregationi
468 1910 675 1990 suppeditent,
696 1925 732 1966 ex
757 1907 864 1995 quibus
888 1905 1067 1983 1111111111-

162 1989 273 2049 dicium
292 1989 331 2059 ¹de
350 1989 403 2049 illo
423 1988 520 2057 lerre,
549 1985 671 2062 ejusque
687 1985 931 2119 proscriptionem
942 2027 952 2055 ,
965 2001 1067 2044 emon-

162 2065 323 2133 dationem,
337 2063 669 2138 antdimissionempro
676 2068 784 2118 11111111
814 2061 1065 2122 eoemerevoleut.

201 2139 218 2221 §
237 2143 287 2200 16.
308 2143 347 2199 ll.
368 2140 496 2199 Tametsi
513 2137 654 2198 haetenus
675 2145 794 2196 cautum
816 2138 873 2208 sit,
889 2139 1067 2199 revendam-

163 2234 222 2294 que
243 2217 379 2294 deinceps
398 2235 459 2277 non
481 2215 670 2284 dubitemus,
696 2222 731 2273 ut
749 2214 785 2273 ad
805 2214 1013 2288 referendum,
1036 2225 1068 2277 et

164 2293 376 2354 eonsuleudum
409 2294 441 2354 in
470 2292 609 2371 predicta
630 2291 882 2370 congregatione,
912 2293 933 2351 ii
969 2295 1067 2354 solum

164 2371 379 2442 admittantur,
400 2371 451 2448 qui
476 2370 628 2430 seientiam
655 2388 775 2439 rerum,
799 2388 871 2446 quas
890 2368 959 2429 libri
978 2371 1067 2432 delati

163 2449 326 2526 respective
340 2449 513 2522 eontineut,
527 2447 670 2508 diuturno
687 2445 785 2507 studio
807 2466 839 2506 ao
881 2447 978 2508 isitam
1000 2468 1069 2529 pos-

164 2526 298 2601 sideaut3
320 2524 403 2586 deeet
415 2525 496 2585 enim
508 2524 545 2584 de
557 2525 671 2584 artibus
690 2525 766 2583 solos
779 2525 835 2583 arti
858 2542 904 2583 ees
914 2523 1047 2602 judicare
1058 2547 1068 2602 ς

165 2603 359 2664 nihilominus
370 2604 394 2664 si
407 2601 481 2662 forte
498 2603 614 2662 eveniat
625 2645 634 2672 ,
647 2610 682 2660 ut
698 2601 784 2660 alicui
793 2619 847 2678 per
858 2619 992 2663 errorem
1006 2621 1069 2662 ma-

165 2683 238 2743 teria
264 2680 361 2758 aliqua
387 2679 568 2739 discutienda
587 2679 807 2748 summittatur,
825 2677 863 2737 ab
880 2678 959 2739 illius
981 2699 1069 2758 peru-

165 2759 288 2819 liaribus
304 2758 408 2818 studiis
434 2758 546 2830 aliena,
570 2756 659 2834 idque
684 2756 863 2824 aCensore,
882 2765 934 2815 aut
946 2757 1070 2816 Consul·

165 2846 230 2897 tore
256 2837 368 2907 eleeto,
398 2853 434 2893 ex
463 2835 525 2913 ipsa
558 2833 627 2892 libri
656 2831 781 2891 lectione
801 2830 1069 2910 deprehendatur3

165 2913 328 2984 noveritis,
352 2931 382 2972 se
396 2929 492 2990 neque
509 2909 586 2990 apud
598 2912 713 2977 Deum,
728 2912 825 2986 neque
837 2908 915 2988 apud
934 2909 1069 2971 homines

165 2994 250 3072 eulpa
262 2998 435 3052 vacaturum
449 3033 457 3062 ,
470 2988 526 3048 uisi
540 2987 763 3065 quamprimum
775 2986 806 3046 id
827 2988 1070 3066 congregationi,

166 3079 217 3129 aut
233 3069 393 3130 Serretario
414 3067 548 3145 aperiat,
569 3081 659 3141 seque
684 3063 721 3124 ad
738 3063 889 3125 terendam
909 3066 946 3126 de
968 3063 1073 3157 hujus·

166 3146 247 3204 modi
272 3146 351 3207 libro
372 3161 525 3206 censuram
550 3142 651 3201 miuus
669 3151 771 3220 aptum
796 3143 958 3220 professus,
980 3144 1072 3204 alium

167 3220 258 3299 magis
272 3222 412 3283 idoneum
434 3223 471 3283 ad
496 3221 526 3281 id
546 3219 678 3280 muneris
699 3220 851 3298 subrogari
874 3230 984 3280 earet:
1012 3237 1072 3297 quo

168 3305 283 3358 tautum
303 3299 383 3358 abest
396 3343 405 3370 ,
429 3309 463 3360 ut
476 3296 700 3360 existimationis
720 3315 781 3357 sue
794 3297 981 3375 dispendium
993 3295 1073 3374 apud

169 3373 357 3444 Pontiiioem,
377 3383 407 3434 et
431 3376 597 3436 cardinales
630 3391 767 3452 passurus
791 3375 854 3445 sit,
879 3383 913 3434 ut
935 3390 1072 3451 magnam

170 3452 268 3530 potius
290 3449 465 3530 probitatis,
489 3460 520 3511 et
543 3450 678 3512 candoris
704 3450 893 3528 opinionem,
913 3458 943 3510 et
955 3451 1073 3511 laudem

170 3529 225 3588 sibi
244 3530 282 3588 sit
295 3526 512 3588 conciliaturus.
