2384 3942
471 220 665 268 CONSl'lTUYffl·
967 227 1013 272 XL!

108 315 261 380 honorum
280 317 432 391 scandalo,
450 313 658 378 hereticorum
672 331 745 377 vero
762 324 950 397 contemptu,
965 316 1017 398 qui

88 395 334 474 'digladiantihus
352 397 432 456 inter
452 412 482 455 se
504 394 676 469 Catholicis,
703 412 793 473 seque
814 404 917 455 mutuo
942 398 1018 458 lace·

109 471 360 554 rantibus,plane
381 469 578 551 triumphant.
599 474 660 532 Etsi
678 490 750 533 vero
769 472 836 532 fieri
854 491 915 531 non
935 491 1018 552 posse

110 550 309 629 intelligamus
321 559 372 623 ,ut
380 549 591 629 disputationes
602 567 704 610 ornnes
714 549 852 610 emundo
864 551 1018 624 tollantur,

109 630 272 704 praesertim
285 646 354 689 cum
374 628 520 687 librorum
545 645 688 688 numerus
707 629 893 688 continenter
915 646 1018 706 augea-

109 713 179 781 tur3
192 703 323 787 faciendi
345 705 424 765 enim
446 701 547 786 plores
570 701 661 766 libros
684 701 786 766 nullm
810 713 853 765 est
875 702 970 785 ficia,
986 713 1021 765 ut

107 790 153 841 est
174 783 253 862 apud
279 783 469 843 Ecclesiasten
495 799 560 864 cop.
585 782 643 859 123
668 790 852 860 compertum
877 791 1019 861 praetcrea

107 859 194 918 nobis
218 861 277 933 sit,
304 877 441 939 magnam
470 859 628 936 aliquando
656 860 814 919 utilitatem
836 877 872 918 ex
894 860 932 920 iis
955 861 1019 938 capi

106 955 192 1014 posse
207 957 216 1012 ς
232 937 355 998 modum
382 946 482 997 tamen
503 936 534 996 in
551 935 741 996 defendendis
758 935 969 1016 opinionibus,
990 944 1020 997 et

107 1012 304 1076 Christianam
318 1016 350 1074 in
363 1013 517 1074 scribendo
530 1014 765 1074 moderationem
785 1014 893 1073 servari
911 1014 1019 1075 merito

106 1090 257 1152 volumus.
272 1095 343 1154 Non
351 1088 496 1152 inutiliter
509 1091 805 1171 (iuquitdugustinus
820 1092 853 1152 in
866 1090 1018 1152 Enchirid.

106 1186 175 1247 cap.
189 1170 228 1230 59
242 1187 334 1250 prope
347 1167 450 1248 finem)
459 1176 631 1229 exercentur
647 1168 827 1250 ingenio,ai
846 1165 1021 1231 adhibeatur

105 1242 169 1306 diae
206 1248 278 1309 totio
289 1243 444 1308 moderato
451 1289 461 1321 ,
475 1252 504 1305 et
515 1243 593 1307 obsit
612 1264 695 1306 error
707 1245 895 1327 minantium
905 1265 935 1306 ae
947 1246 1021 1308 scire

105 1263 348 1402 qucffocaciuut.
360 1324 417 1398 Qui
432 1322 565 1383 veritatis
590 1323 744 1396 studium,
769 1332 799 1382 et
818 1323 945 1400 purioris
965 1323 1020 1383 do-

105 1401 210 1461 etrinae
229 1401 325 1463 zelum
340 1447 349 1473 ,
365 1419 424 1480 quo
438 1418 560 1460 suarum
576 1401 772 1492 scriptionum
797 1399 1020 1460 mordacitatem

105 1487 266 1551 excusent,
292 1478 452 1540 obtendere
483 1477 602 1549 solent,
625 1479 646 1538 ir
671 1479 803 1558 primum
828 1477 1018 1556 intelligant,

106 1571 171 1614 non
191 1556 340 1616 minorem
360 1555 526 1615 habendam
545 1555 696 1628 veritatis,
724 1573 813 1646 quam
841 1555 1020 1634 Evangelicoe

107 1631 344 1692 mansuetudinis
356 1675 365 1703 ,
379 1639 408 1690 et
421 1631 592 1690 Christiane
606 1631 755 1692 charitatis
774 1632 933 1692 rationem.
946 1630 1023 1692 Cha-

108 1706 185 1764 ritas
203 1716 300 1766 autem
314 1707 352 1765 de
373 1706 460 1764 eorde
477 1723 575 1782 puro,
589 1708 704 1784 patiens
724 1718 768 1767 ast
783 1752 791 1778 ,
807 1708 935 1784 benigna
955 1718 1021 1779 est,

112 1798 179 1840 non
205 1782 361 1849 irritatur,
387 1798 448 1839 non
476 1781 653 1850 aemulatur,
669 1800 731 1841 non
751 1785 811 1859 agit
840 1801 1021 1860 perperam,

125 1866 219 1935 utque
238 1858 319 1919 addit
332 1858 411 1918 idem
425 1857 608 1936 Augustinus
620 1857 674 1916 lib.
688 1867 789 1917 contra
804 1859 927 1917 Litteras
943 1859 1021 1919 Peti-

124 1934 184 1994 iani
201 1953 265 2014 cap.
281 1937 338 2007 29,
355 1955 387 1996 n.
402 1934 465 2012 ill.)
484 1934 550 1995 sice
561 1932 700 2016 soperbia
712 1933 747 1995 de
766 1934 887 1994 acritate
907 1953 1023 2016 proesu-

108 2011 186 2088 mit,
202 2013 266 2074 siae
281 2013 395 2074 sevitio
408 2023 465 2096 pro
486 2011 610 2072 veritate
622 2019 722 2072 certet.
748 2013 815 2072 llaec
828 2030 951 2091 magnus
972 2014 1022 2074 ille

106 2107 170 2148 non
180 2090 311 2150 veritatis
323 2091 441 2161 minus,
455 2107 545 2168 quam
558 2087 707 2150 charitatis
717 2091 845 2161 Doctor,
865 2099 894 2150 et
910 2091 1021 2170 scripto

105 2175 138 2226 et
164 2184 254 2246 opere
275 2167 525 2246 premonstravit.
541 2168 618 2227 Nam
635 2166 668 2226 iu
688 2168 748 2228 suis
769 2167 908 2228 adversus
924 2171 1019 2230 Mani-

104 2243 225 2316 choeos,
252 2247 443 2325 Pelagianos,
476 2244 665 2314 Donatistae,
693 2245 824 2322 aliosque
848 2255 908 2324 tam
936 2248 1017 2321 sihi,

104 2340 197 2398 quam
217 2323 350 2382 Ecclesiae
364 2322 572 2392 adversantes,
592 2321 715 2382 assiduis
726 2321 991 2384 conflictationibus
1007 2371 1015 2395 ,

104 2399 137 2458 id
160 2417 278 2478 semper
300 2400 524 2479 diligentissime
543 2399 638 2472 eavit,
662 2417 700 2459 ue
721 2401 888 2479 quempiam
912 2419 1018 2463 corum

104 2474 247 2553 injuriis,
262 2486 313 2537 aut
334 2477 474 2538 conviciis
488 2475 629 2548 laederet,
646 2486 735 2556 atque
750 2487 944 2557 exasperaret.
959 2481 1016 2553 Qui

103 2572 187 2613 secus
204 2554 378 2626 scribendo,
394 2555 441 2616 vel
453 2554 630 2633 disputando
643 2554 745 2614 feeerit
757 2599 765 2626 ,
779 2556 804 2614 is
819 2557 950 2635 prolecto
963 2575 1018 2616 nec

104 2631 262 2692 veritatem
292 2632 347 2692 sibi
367 2631 516 2724 praecipue
541 2631 623 2692 cordi
650 2649 739 2706 esse,
766 2650 820 2692 uec
844 2633 1017 2694 charitatem

103 2709 208 2768 sectari
221 2727 253 2768 se
266 2709 405 2770 ostendit.

144 2783 161 2878 S
180 2787 231 2846 25.
245 2786 403 2866 liquoque
418 2804 480 2846 non
494 2786 563 2846 satis
577 2785 735 2861 idoneam,
747 2786 917 2866 justamque
928 2805 1017 2846 excu-

104 2872 250 2924 sationem
279 2865 385 2926 afferre
414 2863 580 2936 videntur,
600 2865 652 2942 qui
677 2866 717 2926 oh
738 2864 905 2944 singulare,
936 2862 1017 2939 quod

105 2939 285 3017 profitentur
301 2987 309 3014 ,
323 2961 391 3022 erga
407 2952 519 3003 veteres
543 2942 685 3003 Doctores
709 2941 841 3001 studium
852 2984 860 3010 ,
872 2957 937 2998 eam
961 2940 1016 2998 sibi

104 3017 254 3079 scribendi
280 3020 425 3080 rationem
439 3020 527 3078 licere
544 3020 729 3079 arbitrantur
740 3038 751 3092 ς
762 3035 833 3075 nam
851 3016 876 3074 si
898 3031 1018 3092 carpere

105 3112 197 3156 novos
215 3092 360 3166 audeaut,
372 3097 448 3156 lor-te
461 3095 498 3154 ah
509 3089 650 3154 laedendis
661 3093 811 3154 veteribus
824 3091 879 3150 sibi
893 3091 1017 3152 minime

105 3179 338 3252 temperassent,
353 3171 377 3229 si
396 3171 428 3229 in
447 3188 552 3230 eorum
574 3179 710 3248 tempora
723 3167 914 3246 incidissent,
937 3172 1016 3248 quod

105 3252 247 3328 praeclare
270 3245 506 3305 animadversum
519 3255 563 3305 est
584 3245 622 3304 ab
643 3247 770 3305 ductore
783 3245 885 3324 Operis
903 3248 1016 3328 imper·

101 3329 168 3388 secti
188 3328 221 3388 i'n
238 3321 409 3386 llatthscum
422 3323 510 3382 llom.
519 3325 558 3383 tt
570 3343 579 3381 a
590 3357 631 3368 -
646 3323 720 3382 Cum
734 3319 882 3402 audieris,
896 3327 1015 3405 inquit,

102 3401 236 3488 aliquem
255 3399 466 3483 beatificantem
478 3401 617 3484 antiquos
629 3403 777 3477 Doctores,
787 3401 901 3485 probo,
918 3402 1017 3485 quotis

102 3483 142 3542 sit
167 3481 246 3542 circo
272 3497 341 3541 suos
359 3481 523 3556 Doctoresg
545 3480 573 3542 ai
594 3476 674 3541 ettt'm
700 3475 786 3556 illoc,
809 3499 876 3541 cam
910 3480 1017 3570 quibus

103 3559 194 3637 uicit,
222 3555 364 3636 sustinet,
385 3560 414 3618 et
439 3553 583 3640 honorat,
607 3559 671 3621 aim
687 3553 777 3620 totio
795 3554 879 3692 illios,
899 3577 924 3619 aa
949 3575 1015 3617 com
