2384 3942
27 2439 29 2444 ·
104 2400 217 2460 servari
229 2400 433 2460 decernimus:
447 2419 515 2460 man

458 263 650 306 consilinum.
937 267 1008 308 xum

104 347 212 408 eximio
229 347 274 408 uti
296 347 411 422 solenl,
428 366 460 407 ac
486 347 606 428 gloriari
629 347 769 427 Magistro
792 347 877 428 (quos
901 368 1008 429 magno

105 441 230 486 numero
243 443 323 497 esse,
341 440 396 504 pro
417 426 464 484 sin
485 427 560 487 silari
583 433 683 487 nostro
697 440 766 506 erga
785 426 884 503 ipsum
902 429 1006 499 cultu,

105 503 279 582 studioque,
305 443 484 582 gaudemusl
504 504 525 563 ii
542 499 598 563 sibi
618 504 654 563 ad
674 503 876 563 aemulandum
900 524 1009 584 propo·

106 590 178 643 nant
189 580 261 640 tanti
274 582 410 640 Doctoris
424 581 455 640 in
473 580 627 640 scribendo
647 581 902 656 moderationem,
917 579 1009 642 bone-

107 659 319 737 stissimamque
342 677 410 718 cum
439 658 612 718 adversariis
634 659 759 738 agendi,
783 659 1011 739 disputandique

105 736 260 802 rationem.
275 735 322 795 Ad
336 735 412 796 hane
430 736 519 796 ceteri
534 754 651 815 quoque
664 755 726 798 sese
742 754 921 816 componere
947 747 1011 797 stu-

105 812 190 874 deant
204 857 212 886 ,
228 814 280 894 qni
296 813 334 874 ab
346 811 409 891 ejus
424 813 521 874 schola
535 858 542 885 ,
554 812 746 892 doctrinaque
764 815 916 876 recedunt.
937 815 1011 876 San-

105 899 219 951 ctorum
233 891 314 952 enim
330 891 454 951 virtutes
464 890 603 952 omnibus
617 892 648 951 in
661 893 829 970 exemplum
839 892 1010 953 abEcclcsia

106 969 264 1047 propositae
276 976 356 1028 sunt.
376 971 508 1046 Cumque
522 969 677 1046 Angelicns
702 971 811 1034 Doctor
836 971 1010 1033 Sanctorum

105 1046 169 1105 albe
183 1045 346 1124 adscriptus
364 1046 422 1118 sit,
442 1064 622 1124 quamquam
647 1048 760 1107 diversa
780 1047 817 1106 ab
842 1065 876 1106 eo
901 1048 1012 1106 sentire

105 1123 188 1183 liceat
201 1168 208 1196 ‚
223 1124 249 1184 ei
261 1132 361 1183 tamen
373 1125 551 1184 contrariam
570 1124 602 1182 in
620 1124 752 1202 agendo,
777 1143 810 1183 ac
834 1123 1013 1203 disputando

61 1237 66 1256 .
105 1202 251 1261 rationem
279 1201 356 1259 inire
382 1202 504 1260 omnino
533 1219 594 1259 non
624 1202 702 1261 lieet.
728 1202 862 1262 Nimium
889 1204 1011 1262 interest

105 1279 230 1355 publicae
243 1279 478 1356 tranquillitatis,
504 1279 709 1356 proximorum
745 1278 964 1352 aedificationis,
981 1289 1011 1339 et

32 1363 35 1368 '
105 1353 253 1415 charitatis
267 1400 274 1427 ,
290 1365 323 1416 ut
336 1375 352 1416 e
363 1355 582 1416 Catholieornm
597 1355 712 1435 scriptis
730 1356 804 1416 absit
821 1356 916 1428 livor,
929 1375 1012 1416 acer-

105 1431 201 1506 bitas,
234 1442 321 1512 atque
350 1434 530 1504 scurrilitaS,
562 1451 578 1490 a
614 1431 778 1494 Christiana
805 1434 1009 1505 institutione,

104 1528 137 1569 ac
157 1510 331 1588 disciplina,
356 1520 385 1571 et
407 1511 443 1570 ab
474 1511 556 1570 omni
580 1508 732 1570 honestate
762 1530 882 1589 prorsus
904 1512 1009 1571 aliena.

105 1587 305 1660 Quamobrem
325 1589 357 1646 in
380 1587 550 1664 hujusmodi
571 1590 749 1666 scriptorum
775 1589 923 1648 licentiam
945 1607 1012 1667 gra-

105 1666 185 1722 viter
198 1682 253 1740 pro
277 1681 401 1722 munere
426 1681 653 1723 succensurum
679 1666 832 1725 intendant
862 1667 1015 1724 Revisores

106 1740 279 1809 librorum,
313 1757 437 1825 eamque
467 1741 706 1814 Congregationis
735 1740 938 1799 Cardinalibus
966 1761 1017 1800 co·

108 1815 307 1892 gnoscendam
338 1813 516 1890 suinciant,
545 1823 579 1871 ut
614 1833 678 1873 eam
708 1833 762 1892 pro
782 1817 843 1875 zelo
876 1835 954 1888 suo,
986 1825 1016 1876 et

107 1900 255 1970 potestate
268 1896 431 1952 coerceant.
448 1939 450 1944 .

147 2011 163 2092 §
183 2013 232 2072 25.
250 2013 322 2086 Quae
334 2011 503 2072 hactenusa
518 2011 605 2073 nobis
616 2012 767 2091 proposita
783 2058 791 2085 ,
805 2031 838 2073 ac
858 2013 1016 2074 constituta

104 2098 196 2164 sunt,
220 2089 469 2150 Praedecessorum
490 2099 662 2150 nostrorum
684 2090 808 2151 decretis
834 2091 922 2169 plane
944 2109 1015 2152 con·

104 2186 195 2240 sona,
209 2168 475 2246 congregationum
492 2186 611 2246 quoque
638 2177 806 2228 nostrarum
825 2169 960 2248 legibus,
985 2178 1016 2229 et

104 2246 366 2306 consuetudinibus
386 2246 594 2324 comprobata,
623 2247 655 2304 in
679 2246 825 2306 librorum
854 2247 1015 2320 examine,

104 2342 139 2382 ac
150 2322 262 2401 judicic
281 2324 460 2383 instituendo
476 2368 483 2395 ,
499 2323 663 2460 Apostoliea
690 2326 862 2384 auctoritate
877 2325 1016 2404 deinceps

536 2409 617 2460 antes
637 2401 781 2461 universis
797 2446 805 2472 ,
824 2412 854 2462 et
867 2403 1013 2482 singulis,

128 2479 159 2537 ui
182 2479 215 2537 in
232 2478 361 2556 praefatis
379 2479 660 2557 Congregationibus
674 2479 772 2538 locum
793 2480 946 2552 obtinent,
962 2498 1014 2540 seu

104 2498 166 2614 lllis
179 2555 402 2632 quomodolibet
418 2574 539 2634 operam
551 2575 635 2615 stiam
647 2565 787 2635 praestant
803 2602 811 2628 ,
827 2566 861 2616 ut
875 2558 1016 2616 adversus

105 2634 258 2712 praemissa
283 2634 351 2692 sica
364 2634 449 2693 nobis
473 2641 579 2694 statuta
593 2631 669 2694 nihil
693 2634 828 2704 edicere,
849 2635 1014 2705 innovare,

106 2711 285 2781 decernere,
299 2719 350 2770 aut
370 2711 516 2770 intentare
540 2720 720 2788 praesumant
733 2755 741 2782 ,
756 2711 867 2788 absque
889 2720 990 2770 nostra
1006 2754 1014 2778 ‚

108 2789 156 2849 vel
176 2806 376 2848 successorum
405 2798 576 2848 nostrorum
595 2805 650 2867 pro
669 2792 803 2867 tempore
827 2788 1018 2848 existentium

109 2867 313 2926 Romanorum
336 2866 511 2927 Pontificum
531 2883 664 2944 expressa
685 2866 833 2925 facultate.

148 2991 233 3072 §ib
249 2994 315 3052 Non
339 2993 521 3053 obstantibus
549 2992 703 3052 contrariis
728 2989 901 3069 quibusvis,
931 2987 1021 3048 etiam

107 3069 283 3148 Apostolicis
302 3070 580 3141 Constitutionibus,
594 3079 624 3128 et
634 3065 890 3135 ordinationibus,
904 3083 1020 3126 necnon

107 3146 284 3206 earumdem
306 3146 594 3221 congregationum,
620 3145 710 3203 etiam
733 3140 897 3217 Apostolica
919 3152 1019 3203 aucto-

107 3226 210 3296 ritate,
224 3240 276 3282 seu
285 3221 386 3296 quavis
400 3220 539 3278 firmitate
544 3221 750 3278 aliarobcratis
760 3217 894 3292 decretis,
905 3222 1019 3294 usibus,

107 3303 214 3382 stylis,
240 3308 271 3358 et
296 3295 578 3366 consuetudinibus,
603 3294 692 3354 eliam
717 3295 1020 3372 immemorabilibus,

107 3380 283 3456 ceterisque
302 3375 334 3434 in
349 3370 531 3433 contrarium
543 3371 714 3432 facientibus
734 3373 979 3457 quibuscumque.

149 3495 234 3578 527.
253 3493 333 3556 Nulli
359 3511 430 3572 ergo
453 3492 574 3552 omnino
600 3491 755 3554 hominum
776 3494 860 3555 liccat
882 3497 1020 3575 paginam

107 3577 188 3638 hanc
211 3582 380 3638 nostrorum
408 3569 619 3651 decretorum,
644 3573 871 3649 mandatorum,
897 3583 1021 3635 statuto-
