2384 3942
58 3264 238 3281 ——7

419 0 576 28 1111&
591 0 906 31 uhuulffl
971 0 1566 27 ιιυυυυινυινυιυο
1621 0 1886 42 μυδυυιιι
1962 0 2129 23 :nuu-

416 46 566 104 Cum
606 45 805 106 ceteris
841 41 1182 104 editionibus
1222 40 1357 101 inde
1402 42 1633 102 secutis.
1691 40 1881 120 (Decr.
1928 41 2000 101 17
2023 44 2133 102 De-

411 123 665 185 cembris
704 120 900 199 1792.)

338 217 719 277 Instituzione
744 216 818 292 (la
839 211 1068 289 celeste)
1087 211 1182 272 del
1207 232 1367 274 sacro
1387 213 1607 273 Ordine
1628 212 1779 272 della
1802 212 2135 272 Santissima

416 291 645 355 Trinita
662 295 811 352 della
838 290 1198 350 Redentione
1211 291 1347 351 delli
1377 289 1603 351 Schiavi
1627 334 1643 362 ‚
1664 309 1773 351 con
1792 289 1811 347 i
1831 289 2100 369 privilegj
2117 334 2133 362 ,

488 372 607 430 azie
624 414 640 440 ,
664 369 723 430 et
753 369 1104 447 Indulgenze
1126 387 1392 430 concesse
1423 387 1457 428 a
1484 369 1645 429 detto
1672 367 1915 428 Ordine.
1945 367 2132 447 (Decr.

456 451 495 508 Ο
517 447 729 525 Aprilis
758 447 959 523 1666.)

340 532 704 593 Instituzioni
757 531 854 591 del
892 531 1086 591 Dritto
1126 532 1408 592 Pubblico
1448 530 1838 591 Ecclesiastico
1878 548 2136 589 accomo-

417 609 550 669 date
585 608 697 668 alla
748 609 966 687 pratica
1004 609 1066 669 di
1093 609 1344 669 Venezia
1381 607 1707 668 dall'Abate
1738 609 1808 666 A.
1838 608 1905 666 B.
1934 608 2139 667 Giure-

418 695 680 754 consulto
720 696 967 754 Veneto·
1010 693 1205 773 (Decr.
1240 695 1316 754 24-
1348 695 1590 773 Augusti
1631 689 1831 772 1772.)

343 772 655 831 instructio
694 770 766 830 ad
806 780 1078 863 tyronem
1116 770 1504 851 Theologum.
1541 768 1681 834 Vide
1714 772 1986 830 Buscum.

342 849 651 908 Instructio
696 849 910 929 (brevis
945 859 1003 909 et
1044 848 1475 928 compendiosa)
1521 847 1595 907 de
1641 847 1941 926 Religione
1978 846 2141 908 chri-

419 926 624 985 stiana.
651 925 806 1005 (Ind.
828 926 1019 1006 Trid.)

341 1013 656 1072 Instructio
688 1015 1015 1072 Puerorum
1042 1057 1058 1086 ‚
1103 1020 1214 1072 etc.
1261 1009 1403 1074 Vide
1441 1009 1819 1074 ΠΙΝΑΚΕΣ
1861 1009 2143 1074 ΠΑΙΔΑ-

429 1094 776 1162 ΓΩΓΙΚΟΙ
803 1149 820 1173 ,
865 1115 982 1163 etc.

346 1185 742 1321 Insltrflmtssrh
764 1202 877 1338 ‹)1ua
918 1184 1100 1252 vitam
1150 1192 1430 1243 aeternam
1499 1183 1915 1243 obtinebimus.
1969 1180 2142 1262 (App.

456 1280 496 1320 n
543 1304 558 1320 .
682 1282 702 1320 1
751 1305 764 1319 .

349 1350 660 1408 Instructio
699 1345 1062 1409 Visitationis
1094 1348 1390 1409 Saxonicae
1420 1348 1494 1408 ad
1536 1348 1920 1409 Ecclaeiarum
1953 1349 2151 1406 Pasto-

427 1443 522 1485 res
561 1426 636 1486 de
678 1425 942 1486 doctrina
982 1423 1330 1486 Christiana.
1378 1425 1531 1505 (lnd.
1573 1425 1766 1505 Trid.)

350 1512 708 1572 Instruction
753 1510 832 1570 du
869 1510 1143 1571 Gardien.
1197 1509 1338 1584 Vide
1383 1512 1657 1590 Evangile
1692 1510 1773 1570 du
1817 1511 1983 1570 Jour.

351 1590 759 1649 Instructions.
779 1588 894 1648 and
952 1596 1196 1668 prayers
1230 1589 1340 1664 for,
1369 1587 1633 1648 children
1664 1633 1680 1660 ‚
1724 1586 1874 1647 with
1917 1606 1949 1646 a
1989 1589 2166 1647 Cate-'

351 1702 357 1708 -
430 1664 617 1726 chism
660 1667 751 1726 for
798 1684 998 1745 young
1045 1665 1337 1755 children.
1381 1664 1456 1726 Id
1498 1674 1585 1755 est
1625 1688 1646 1724 .·
1673 1664 2114 1754 *Instructiones
2134 1709 2152 1740 ,

430 1751 854 1896 “fbssieiiiessss?
876 1760 1301 1878 3323&ss?st
1311 1742 1799 1897 ῗὲἔῗῗὴωηψο
1832 1738 2158 1802 α”θῑωω”“

354 1826 740 1962 lngmctions
784 1921 885 1963 sur
913 1904 996 1962 les
1035 1902 1251 1963 verites
1278 1904 1352 1964 de
1396 1903 1451 1962 13
1476 1903 1686 1972 Gracc,
1729 1911 1789 1963 et
1814 1902 1891 1962 de
1926 1903 1980 1961 13
2016 1902 2161 1963 Pre-

430 1978 782 2038 destination
817 1998 889 2040 en
924 1980 1124 2038 faveur
1157 1980 1259 2039 des
1293 1981 1530 2059 simples
1577 1978 1820 2040 Fideles.
1873 1982 2163 2040 Nouvelle
2231 2040 2237 2048 ,

429 2053 655 2115 edition
675 2099 690 2127 ‚
725 2073 906 2116 revue
940 2064 1000 2115 et
1035 2057 1315 2135 corrigee.

351 2173 430 2184 -·
463 2138 813 2220 Eaedemque
844 2138 1043 2201 Italico
1082 2139 1185 2201 hoe
1226 2137 1394 2202 titulo
1421 2163 1443 2199 .·
1487 2145 1565 2201 Le
1604 2142 1789 2202 verita
1824 2141 1974 2201 della
2014 2143 2162 2202 Gra-

432 2217 517 2277 zia
539 2261 555 2289 ‚
620 2235 654 2276 3
708 2219 858 2278 (13113
914 2218 1415 2278 Predestinazione
1501 2239 1565 2279 er
1611 2229 2160 2280 ammaestramento

433 2293 791 2372 de'semplici
812 2340 827 2368 ‚
866 2313 902 2355 3
925 2296 1105 2356 buoni
1129 2297 1456 2376 Cattolici.(
1515 2316 1631 2357 ecr.
1662 2300 1691 2357 1
1726 2299 1918 2357 Martii
1958 2295 2161 2372 1768.)

360 2373 738 2512 Ιηεὲἒῗὲἑίοιιε
773 2372 1071 2453 generales
1118 2392 1192 2433 en
1236 2375 1428 2435 forme
1469 2376 1542 2436 de
1585 2374 1960 2436 catechisme.
2019 2372 2163 2437 Vide

359 2534 823 2590 instrumentum
874 2529 1276 2607 appellationis
1311 2530 1865 2619 (Illustrissimorum
1882 2573 1898 2599 ‚
1947 2546 2013 2586 33
2051 2529 2165 2587 Re-

436 2606 994 2667 verendissimorum
1062 2605 1492 2684 Archieplscopi
1560 2605 1990 2684 Ultrajectensis
2018 2648 2034 2674 ‚
2108 2610 2165 2663 et

437 2685 704 2764 Episcopi
747 2683 1160 2762 Harlemensis)
1210 2683 1283 2742 ad
1320 2684 1646 2745 Concilium
1689 2684 1958 2763 generale
2003 2683 2164 2743 futu-

442 2781 579 2825 rum
637 2782 670 2822 3
719 2761 949 2825 duobus
1006 2761 1288 2821 Brevibus
1320 2806 1335 2833 ‚
1396 2781 1529 2841 quoe
1579 2764 1896 2841 praeferunt
1948 2775 2165 2819 nomen

439 2840 538 2898 SS.
582 2841 656 2898 D.
695 2841 771 2898 N.
809 2839 1103 2899 Benedicti
1148 2841 1285 2898 XIV
1308 2884 1324 2910 ‚
1356 2840 1584 2918 scriptis
1617 2840 1690 2900 ad
1733 2840 2032 2898 universos
2058 2839 2165 2898 Ca-

436 2914 682 2976 tholicos
714 2917 780 2975 in
822 2917 1122 2977 Foederato
1164 2917 1381 2994 Belgio.
1428 2917 1618 2996 (Brevi
1655 2916 1948 2976 Benedicti
1986 2915 2124 2974 XIV
2145 2955 2161 2983 ,

439 2993 516 3052 26
542 2993 684 3052 Julii
725 2994 926 3073 1745.)
1449 3023 1455 3027 ·

357 3077 821 3136 Instrumentum
863 3080 1267 3158 appellationis
1295 3079 1611 3156 interjectae
1630 3078 1726 3139 die
1757 3079 1945 3158 prima
1971 3073 2165 3135 Martii

438 3153 588 3212 1717
612 3196 628 3220 ‚
656 3152 730 3213 ab
758 3155 1169 3216 Illustrissimis
1192 3200 1209 3228 ‚
1237 3165 1295 3215 et
1321 3157 1837 3216 Reverendissimis
1871 3155 2073 3231 Episco
2116 3152 2165 3211 is

435 3229 800 3301 Mirapicensi
827 3273 844 3301 ‚
884 3233 1225 3301 senecensi,
1268 3233 1803 3294 Montis-pessulani
1837 3277 1851 3301 ‚
1873 3240 1957 3291 ‘et
1995 3233 2073 3291 Bo
2098 3248 2161 3289 o-

924 3670 1636 3942 Y
