2384 3942
408 428 641 529 oronam
899 567 901 571 Ι

110 663 180 743 lta
224 665 468 746 tonnae
508 663 934 750 IPMHMHH

494 877 545 918 NEC

189 1040 229 1100 lN
250 1040 379 1100 lNDlCE
400 1040 620 1101 NOllINATllll
639 1037 848 1099 EXPRESSlS.

107 1371 181 1431 Cum
195 1390 257 1434 non
272 1390 371 1434 omnes
385 1373 473 1446 libri,
490 1374 542 1452 qui
555 1375 586 1435 vi
595 1373 845 1434 constitutionum
854 1371 979 1448 Aposto-

72 1445 215 1520 lioarum,
242 1460 292 1511 aut
314 1455 506 1513 Deoretorum
530 1451 798 1530 Congregationum
816 1448 846 1508 S.
861 1447 978 1521 Officii,

72 1532 98 1583 et
113 1525 220 1584 lndieis
239 1527 380 1603 prohibiti
394 1539 482 1602 sunt,
504 1530 676 1608 singillatim
692 1526 817 1588 describi
838 1525 868 1585 in
881 1524 979 1584 lndiee

69 1611 191 1678 propter
216 1620 319 1662 eorum
337 1607 347 1662 i
388 1614 489 1664 entem
510 1625 670 1666 numerum
693 1606 826 1683 possint,
848 1620 979 1660 necessa-

68 1678 151 1736 rium
168 1677 270 1736 risum
293 1688 354 1750 est,
399 1679 548 1755 ujusmodi
575 1683 667 1740 libros
690 1681 727 1739 ad
747 1688 824 1739 oerta
844 1678 979 1754 quaedam

70 1753 167 1830 capita
186 1768 348 1825 remeare,
366 1773 399 1814 ao
420 1773 474 1832 per
494 1757 650 1827 materias,
676 1755 713 1812 de
737 1756 844 1831 quibus
865 1760 980 1830 agunt,

70 1846 178 1888 eorum
200 1829 292 1890 veluti
320 1832 451 1892 lndicem
479 1829 645 1905 conficere,
669 1839 725 1901 ut,
750 1831 775 1889 si
804 1827 894 1906 quod-
907 1830 983 1888 eirea

69 1907 183 1967 librum
206 1904 334 1986 aliquem
368 1910 399 1968 in
426 1907 527 1968 lndioe
557 1926 618 1968 non
646 1907 850 1986 descriptum,
874 1913 924 1964 aut
950 1907 983 1967 in

71 1984 189 2122 Reffrlis
210 1982 340 2061 ejusdem
359 1986 467 2047 lndiois
488 2004 549 2047 non
570 1983 833 2065 comprehensum,
850 1982 983 2043 exoritur

71 2061 109 2122 du
131 2062 219 2134 inm,
242 2063 365 2144 intelligi
385 2065 496 2144 possit,
525 2072 629 2125 utrum
655 2063 734 2123 inter
757 2060 920 2141 prohibitos
942 2060 980 2122 sit

72 2139 293 2218 computandus.

488 2268 551 2350 §a

75 2427 152 2490 libri
163 2427 201 2492 ab
212 2431 364 2492 Haeretioio
377 2431 480 2513 scripti
485 2476 495 2507 ,
509 2425 555 2490 ool
566 2427 653 2506 editi,
672 2426 775 2490 autad
792 2447 854 2503 eoo,
869 2428 929 2489 sive
938 2425 979 2488 od

272 2514 409 2598 lofideleo
424 2517 604 2600 pertinentes
622 2513 774 2597 prohibiti.

108 2679 135 2738 l.
161 2678 314 2758 Agenda,
343 2698 395 2740 seu
430 2680 577 2740 Formuloe
608 2696 759 2757 precum,
793 2687 856 2745 aut,
876 2675 978 2735 Officia

77 2756 254 2816 eorumdem.

108 2835 134 2892 l.
148 2835 303 2913 Apologia
329 2853 455 2906 omnes,
479 2833 586 2913 quibus
611 2849 716 2891 eornm
738 2849 856 2891 emoneo
880 2825 979 2889 viudi-

77 2920 194 2980 rantur,
219 2911 283 2971 sive
304 2915 508 2991 explicantur,
529 2920 559 2971 et
578 2909 805 2970 confirmantur.

109 2989 135 3047 5.
149 2989 247 3048 Biblia
270 3007 349 3048 saera
372 3009 476 3050 eorum
495 3006 584 3066 opera
605 2989 766 3063 impressa,
788 2983 836 3040 vel
861 2995 980 3039 eornm-

78 3061 135 3126 dem
155 3065 426 3137 Annotationibus,
448 3064 656 3140 Argumentis,
671 3057 869 3130 summariis,
890 3051 981 3116 Scho-

77 3139 137 3215 tiis,
159 3153 190 3202 et
212 3138 362 3199 lndieibus
384 3148 479 3198 auota.
710 3172 712 3179 ·

108 3217 249 3279 anthlia
267 3233 368 3287 sacra,
389 3216 435 3273 vel
451 3229 554 3272 eorum
569 3221 666 3289 partes
679 3211 716 3269 ab
735 3208 838 3269 iisdem
858 3212 980 3272 metrice

78 3304 976 3446 mbfcbssbffdaria,Martyrologinacamotogtaeommdem.

107 3455 135 3513 6.
150 3448 292 3512 Carmina
305 3490 314 3520 ‚
326 3445 536 3516 Narrationes,
558 3443 729 3517 Orationes,
751 3445 916 3524 imagines,
931 3444 978 3503 Li-

77 3527 139 3602 bri,
162 3530 196 3589 in
218 3525 326 3602 quibus
347 3541 451 3586 eorum
471 3521 560 3600 fides,
582 3541 615 3582 ao
627 3521 731 3601 religio
745 3522 977 3585 commandatur.
