2384 3942
448 12 641 71 nuarii
672 0 873 91 1731.)
1472 0 1476 1 A
1520 51 1522 56 -
1588 0 1623 14 υ

368 106 584 165 Stefani
614 107 844 167 Stefano
884 106 1197 168 Zucchino.
1248 109 1274 166 I
1321 105 1535 184 flagelli
1561 102 1625 166 'di
1669 109 1800 166 Don
1837 108 1965 167 Gile
2008 108 2159 167 dive-

445 193 602 322 11117ιὲεέ
610 187 789 340 §oeta
810 194 1016 245 contro
1037 185 1055 243 i
1075 185 1303 263 seguaci
1330 185 1607 245 delvizio.
1644 184 1838 264 (Decr.
1867 186 2159 264 24Aprilis

369 348 544 407 Stella
574 348 845 407 DidacuS.
876 349 1291 408 Enarrationes
1346 349 1409 408 in
1452 348 1829 426 Evangelium
1878 351 1938 407 S.
1980 349 2158 409 Lucae.

444 422 830 578 ζιζζςὲςαενίηε
858 443 928 484 ex
969 426 1270 506 impressis
1307 425 1380 486 ab
1418 444 1575 486 armo
1612 427 1787 484 1581.
1821 424 1996 503 (App.
2033 428 2157 486 Ind.

367 585 539 646 Stella
561 585 824 645 Michele.
865 583 1007 648 Vide
1038 589 1215 647 Corso
1246 589 1557 667 completo.

367 672 690 731 stellartius
725 675 996 750 Prosper.
1033 672 1584 750 Augustinomachia
1608 717 1623 743 ‚
1670 673 1731 732 id
1776 682 1862 733 est
1900 691 2009 750 pro
2046 675 2163 733 Au-

446 748 678 826 gustino
702 758 763 808 et
794 751 1229 828 Augustinianis
1250 752 1520 811 vindiciae
1561 751 1858 810 tutelares·
1888 753 2079 830 (Decr.
2129 756 2162 809 2

445 826 782 886 Decembris
802 829 1002 906 1622.)

369 912 634 992 Stellung
661 914 802 992 (die)
829 915 929 974 des
957 914 1341 975 Roemischen
1381 913 1579 976 Stuhls
1603 959 1619 986 ‚
1654 914 1985 992 gegeniiber
2031 915 2163 974 dem

445 991 635 1051 Geiste
660 993 762 1052 des
792 991 1199 1051 neunzehnten
1221 991 1674 1062 Jahrhunderts,
1703 1001 1795 1051 etc
1803 1034 1923 1050 .....
1958 993 2165 1052 Latine

304 1077 316 1088 ‘
442 1087 577 1129 vero
615 1090 634 1124 .·
663 1075 857 1130 Status
881 1071 1158 1128 Romanae
1186 1071 1348 1129 Sedis
1385 1072 1586 1129 relatae
1618 1069 1691 1128 ad
1725 1070 2013 1146 Spiritum
2050 1071 2167 1127 Sae-

444 1147 560 1206 culi
583 1148 793 1207 decimi
824 1145 1005 1224 noni3
1048 1156 1148 1205 aut
1173 1147 1665 1206 considerationes
1703 1164 1880 1225 super
1906 1145 2165 1221 ejusdem

446 1226 788 1286 novissimas
820 1227 1063 1283 Litteras
1094 1225 1450 1283 Pastorales:
1483 1226 1642 1282 Dum
1685 1232 1860 1301 caput
1890 1233 2131 1300 aegrotat
2150 1269 2166 1294 ‚

446 1311 652 1362 caetera
675 1303 939 1361 membra
974 1301 1196 1360 dolent.
1241 1303 1432 1380 (Brevi
1472 1301 1819 1361 GREGORII
1854 1302 1965 1358 ΡΡ.
1995 1302 2166 1372 XVI,

446 1381 519 1438 17
561 1379 918 1459 Septembris
970 1379 1171 1457 1855.)

369 1472 670 1632 St‘ffigga}
706 1477 889 1533 Rome
909 1518 925 1546 ,
972 1474 1184 1551 Naples
1217 1481 1275 1533 et
1308 1475 1608 1534 Florence.
1663 1471 1859 1552 (Decr.
1908 1472 1948 1528 4
1975 1471 2170 1530 Martii

367 1644 642 1723 Stephani
671 1645 1048 1725 (Joachimus)
1079 1647 1457 1704 PomeranUS.
1483 1643 1642 1703 Libri
1670 1649 1923 1720 quatuor
1942 1640 2018 1699 de
2063 1643 2173 1700 Ju-

443 1723 779 1783 risdictione
819 1724 1164 1783 Judaeorum
1193 1768 1210 1795 ‚
1254 1723 1622 1790 Graecorum,
1665 1723 2069 1780 Romanorum
2115 1728 2174 1776 et

444 1799 1002 1860 Ecclesiasticorum.
1030 1802 1223 1878 (Decr.
1262 1802 1336 1859 16
1381 1799 1718 1858 Decembris
1745 1795 1945 1872 1605.)

368 1882 644 1961 Stephani
685 1884 983 1963 (Mathias)
1024 1888 1400 1946 Pomeranus.
1439 1887 1739 1943 Tractatus
1781 1882 1855 1941 de
1907 1881 2175 1941 Jurisdi-

444 1962 671 2031 ctione,
712 1963 1063 2039 qualemque
1086 1961 1341 2022 habeant
1370 1980 1572 2023 omnes
1589 1960 1818 2021 Judices
1840 2004 1855 2030 ‚
1896 1967 2019 2019 tam
2062 1978 2173 2018 sae-

443 2036 664 2095 culares
678 2057 855 2114 quam
884 2038 1259 2098 Ecclesiastici
1282 2084 1297 2112 ,
1316 2041 1378 2098 in
1397 2040 1652 2118 Imperio
1671 2041 1954 2098 Romano.
1977 2037 2172 2113 (Decr.

445 2115 518 2174 12
553 2115 885 2174 Decembris
915 2115 1117 2192 1624.)

367 2198 692 2278 Stephanus
712 2200 972 2259 Carolus.
1001 2199 1427 2258 Dictionarium
1467 2201 1821 2262 Historicum
1850 2244 1865 2268 ‚
1916 2199 2179 2277 Geogra-

445 2277 721 2356 phicum‚
781 2279 1080 2339 Poeticum
1102 2322 1118 2349 ‚
1183 2277 1510 2337 innumeris
1548 2297 1697 2356 pene
1756 2277 1895 2336 locis
1928 2287 2176 2335 auctum

443 2375 551 2434 per
579 2357 884 2416 Nicolaum
936 2354 1268 2434 Lloydium.
1311 2358 1508 2415 Donec
1549 2361 1924 2437 expurgetur.
1969 2353 2173 2431 (Decr.

447 2436 521 2493 12
541 2434 733 2492 Martii
762 2433 962 2511 1705.)

369 2516 696 2597 Stephanus
733 2516 1038 2576 Henricus.
1069 2516 1121 2594 (1
1172 2517 1255 2576 cl.
1304 2518 1454 2595 App.
1500 2513 1629 2576 Ind.
1672 2512 1867 2592 Trid.)

364 2637 444 2648 —-—
483 2601 952 2661 L'Introduction
981 2621 1054 2660 au
1080 2600 1275 2660 Traite
1303 2602 1376 2660 de
1404 2603 1458 2660 la
1481 2598 1826 2660 conformite
1874 2600 1975 2660 des
2010 2619 2183 2660 mer-

444 2679 644 2739 veilles
677 2680 988 2739 anciennes
1017 2697 1154 2738 avec
1190 2679 1272 2736 les
1318 2679 1661 2747 moderneS‚
1687 2695 1762 2735 ou
1792 2677 1992 2736 Traite
2032 2677 2182 2756 pre-

445 2758 662 2835 paratis
687 2755 720 2815 ὲ
744 2757 1068 2834 l'Apologie
1094 2774 1246 2834 pour
1266 2755 1578 2816 Herodote.
1601 2754 1775 2832 (App.
1804 2755 1936 2814 Ind.
1970 2753 2180 2832 Trid.)

368 2847 694 2928 Stephanus
722 2848 1028 2908 Robertus.
1066 2847 1118 2927 (1
1155 2846 1243 2905 Cl.
1276 2846 1406 2905 Ind.
1429 2844 1620 2924 Trid.)

364 2968 442 2977 --
469 2932 711 2992 Phrases
734 2933 1060 3003 Hebraicae‚
1098 2948 1201 2989 seu
1238 2930 1517 3007 loquendi
1571 2947 1782 3008 genera
1834 2928 2129 2989 Hebraica
2164 2973 2182 2998 ‚

445 3030 573 3088 quae
616 3011 677 3069 in
721 3011 917 3069 Veteri
951 3012 1322 3068 Testamento
1364 3008 1575 3086 passim
1596 3008 1896 3086 leguntur,
1922 3024 1994 3065 ex
2017 3025 2186 3066 com·

317 3099 327 3107 ·
443 3088 743 3147 mentariis
769 3087 1146 3148 Hebraeorum
1174 3085 1478 3162 explicata.
1505 3085 1680 3163 (App.
1713 3084 1842 3143 lnd.
1871 3084 2070 3162 Trid.)

365 3201 444 3212 ·-
483 3172 796 3250 Responsio
831 3172 902 3231 ad
936 3173 1221 3233 Censuras
1281 3168 1725 3250 'theologorum‘
1747 3168 2184 3230 Parisiensium

1697 3640 1771 3648 ³,—

538 3632 1831 3942 -

1852 3935 1900 3942 -
