2384 3942
442 204 662 249 ruariorroaon.
824 198 827 203 ·
948 187 1005 252 103

142 292 264 449 3131711311
276 291 351 353 della
361 292 480 353 Materia
491 291 620 365 Medion,
635 300 692 352 ete.
704 290 802 371 (Beer.
814 291 853 352 22
861 292 1000 356 novemb.

105 454 287 533 Dasypodius
299 455 456 515 Comedus·
470 452 499 592 g
515 455 559 515 el.
572 455 637 516 lud.
652 453 750 534 Trid.)

104 532 163 589 Das
184 533 286 610 podius
299 533 411 593 Petrus.
426 532 452 613 (l
493 534 514 591 l.
525 532 589 593 lud.
603 533 697 611 Trid).

103 550 260 669 Datiaenus
271 613 384 670 Petrus.
397 612 423 691 (l
439 610 484 670 Cl.
497 611 573 689 App.
588 610 654 670 lud.
664 607 760 689 Trid.)

104 686 195 745 David
208 686 319 746 Kimhi.
333 686 404 750 Vide
417 686 529 747 Kimhi.
761 746 766 757 .

103 763 219 823 Davidis
233 764 414 825 Franoiscus.
429 765 455 843 (1
468 765 512 824 Cl.
524 766 600 843 App.
612 765 679 827 lud.
693 763 790 845 Trid.)

103 841 201 901 Davila
214 844 342 902 loannes
354 843 391 902 de
403 845 474 901 Roa.
488 840 557 904 Vide
573 844 644 901 Roa.

103 916 268 979 Decimator
283 920 435 979 Henrieus.
454 920 540 998 Sylva
556 921 786 993 vocabulorum,
807 928 837 980 et
855 920 1007 999 phrasium

141 998 340 1066 ramsolam,
357 1006 421 1057 tum
439 998 534 1075 ligatae
550 998 703 1059 orationis.
717 1001 817 1059 Donee
829 1000 1006 1079 corripotaer.

141 1072 230 1153 (App.
246 1074 312 1133 lnd.
326 1073 423 1154 Trid.)

105 1158 291 1221 Deeisiouum
313 1160 538 1219 novissimarum
567 1161 650 1219 nota
672 1162 832 1234 Romanae,
857 1162 919 1221 sive
940 1163 1005 1224 Sao.

141 1238 245 1297 Palatii
267 1238 391 1297 Romani
411 1239 480 1296 Pars
502 1256 554 1308 vr,
578 1238 741 1297 continens.
754 1248 817 1297 tum
839 1240 1007 1301 Deeisiones

141 1317 255 1387 varias,
275 1323 338 1375 tum
353 1314 567 1379 Declarationes
582 1315 704 1374 Coneilii
716 1316 882 1375 Tridentini
895 1315 1008 1378 habitas

142 1407 159 1449 e
179 1392 357 1452 Bibliotheca
379 1394 416 1451 D.
440 1391 575 1471 Prosperi
600 1393 754 1453 Farinaeii.
782 1391 879 1472 (Deae.
900 1395 917 1453 7
937 1396 1009 1473 Sep-

52 1514 53 1519 ,
139 1468 265 1528 tembris
277 1468 378 1549 1609.)

103 1540 268 1640 Declaratio
285 1553 389 1643 (Sacrae
405 1557 540 1615 Caesarem
558 1553 724 1633 Majestatis)
744 1554 892 1634 quomodo
910 1555 942 1615 in
956 1576 1008 1616 ne·

143 1636 224 1705 gotio
236 1630 397 1707 Religionis
413 1650 466 1708 per
479 1632 642 1707 Imperium
652 1632 793 1710 usquead
805 1632 1009 1693 definitionem

143 1704 268 1765 Goneilii
286 1707 428 1785 generalis
442 1706 604 1765 videndum
625 1710 683 1779 sit,
706 1710 738 1766 in
757 1710 890 1769 Comitiis
911 1710 1010 1787 Augu-

142 1784 236 1843 stanis
249 1802 288 1843 xv
305 1783 373 1843 Maii
389 1802 468 1843 anno
481 1801 612 1842 nnxtvru
630 1784 796 1861 proposita,
810 1792 839 1843 et
852 1785 1009 1862 publicata.

143 1858 234 1939 (App.
244 1860 309 1921 lud.
323 1859 419 1938 Trid.)

104 1944 308 2006 Declaratione
320 1945 368 2005 del
382 1945 529 2005 Giuhileo.
544 1944 623 2025 (lud.
633 1944 731 2025 Trid.)
896 1987 900 1995 -
1023 1998 1026 2003 .

104 2022 320 2084 Declarationes
337 2022 536 2083 Cardinalium
550 2023 786 2103 Congregationis
803 2015 925 2086 concilii
943 2025 1010 2085 Tri-
1063 2038 1069 2048 ’

143 2099 276 2173 dentini,
296 2120 436 2162 unacum
454 2100 573 2161 loannis
587 2102 724 2175 Sotealli‚
745 2111 775 2163 et
793 2102 907 2164 Horatii
927 2103 1010 2166 Luoii

143 2178 392 2239 adnotationibus
407 2178 505 2258 (Deor.
516 2181 534 2239 6
544 2179 625 2238 lunii
637 2178 738 2261 1621.)
769 2219 772 2224 >

106 2261 214 2325 Deerat
239 2264 279 2325 du
302 2264 489 2325 saint-Ollice
509 2256 546 2324 de
567 2265 680 2339 Rome,
703 2265 754 2343 qui
780 2266 960 2341 nondumne,
979 2275 1009 2327 et

144 2341 236 2403 abolit
258 2361 371 2403 eomme
398 2361 440 2402 un
463 2343 555 2415 ebus,
578 2350 675 2403 tontes
694 2344 736 2403 les
761 2343 947 2417 contritum,
971 2362 1009 2405 ou

143 2419 273 2480 Societez
297 2420 334 2480 de
358 2420 530 2501 l'Eselavage
554 2419 646 2489 dela
669 2420 806 2481 Merene
830 2423 921 2495 Ilien,
943 2423 1011 2481 Sca-

143 2498 260 2573 pulaire
278 2497 328 2557 des
348 2500 482 2570 carmes,
504 2505 535 2558 et
554 2507 653 2558 autres
668 2499 819 2571 (lordono,
838 2500 1010 2571 canturos,

143 2582 200 2635 ete.
226 2574 304 2650 Quia
326 2574 360 2635 in
381 2570 484 2635 mollia
505 2572 539 2635 de
560 2583 713 2651 raretum,
735 2584 763 2636 et
782 2572 877 2636 dolose
901 2594 1012 2635 moeto-

142 2648 298 2713 modotum
324 2650 363 2712 od
390 2648 466 2711 oliae
493 2593 669 2712 Sofalitates
696 2652 778 2713 aaa
818 2648 1011 2729 atolieeISede

144 2726 518 2883 ppppoboteplcfiipptprce,
531 2725 703 2809 Saepolona
709 2774 719 2806 ,
731 2736 758 2790 et
770 2671 902 2790 &orde
912 2726 1011 2807 (Deer.

216 2824 330 2865 anuaru
427 2848 434 2862 .

107 2888 228 2951 Decreta
243 2890 347 2952 denos
366 2891 417 2950 SS.
430 2891 486 2950 PP.
503 2891 545 2951 les
560 2892 652 2971 Papae
664 2862 828 2953 Alexandro
843 2890 899 2950 Vll
917 2894 948 2946 et
965 2887 1015 2945 ln-

146 2974 255 3026 noeent
272 2968 312 3026 XI
329 2976 430 3028 contre
445 2968 589 3043 plusieurs
603 2970 799 3104 propositione
807 2968 846 3026 de
858 2966 887 3023 la
903 2964 1014 3023 Morale
1053 2972 1058 2978 “
1181 3027 1182 3044 ¹

146 3039 328 3101 relocatur
344 3044 427 3121 Liepe
440 3046 526 3103 1680.
541 3045 639 3123 (Deor.
673 3048 692 3104 6
707 3044 788 3104 lunii
802 3038 903 3117 1681.)

109 3126 268 3280 Depreplupn
292 3126 535 3205 Norimbergense
558 3130 672 3189 editum
699 3146 778 3187 anno
804 3126 893 3186 1525.
926 3122 1011 3204 (Ino.

175 3224 201 3265 rr
227 3245 233 3262 .

111 3287 302 3351 Dedekindus
315 3286 489 3348 Friderious.
503 3288 528 3367 (1
544 3289 589 3349 Cl.
598 3290 677 3426 App
691 3288 759 3348 lud.
772 3287 870 3369 Trid.)

651 3387 677 3427 er

113 3366 238 3429 Defense
259 3366 296 3427 de
312 3363 478 3438 l‘autorite‚
498 3376 528 3427 et
545 3366 595 3427 des
677 3367 756 3427 siens
768 3368 819 3427 des
832 3368 1012 3441 mencines,

151 3464 209 3524 que
220 3444 296 3505 Dion
308 3462 347 3504 ne
358 3461 435 3504 eesse
446 3445 529 3523 point
542 3446 579 3505 de
592 3446 666 3506 taire
679 3463 717 3505 en
729 3447 838 3507 Franoe
851 3445 888 3505 de
908 3445 954 3505 uis
969 3464 1012 3506 un

152 3522 245 3601 grand
260 3523 385 3587 nombre
403 3522 549 3587 d'anneee.
564 3525 663 3605 (noer.
676 3526 710 3590 11
727 3524 823 3588 llartii
835 3523 872 3584 17
914 3523 936 3602 .)
