2384 3942
260 439 507 539 Rttttlt
558 440 801 540 {totels

139 659 454 727 monetmonet
477 659 639 726 ornent
658 661 937 727 nnmnmn

401 837 512 885 M!
531 837 668 884 888!OE

498 1013 577 1025 ..σι-

434 1143 582 1204 REGULA
611 1148 634 1204 l.

121 1311 200 1375 Libri
223 1333 344 1389 omncs,
367 1334 440 1393 quos
460 1327 528 1378 ante
550 1334 663 1378 annum
682 1316 794 1377 llDXV
816 1322 867 1376 aut
880 1317 988 1376 summi

86 1387 258 1465 Pontifices,
279 1401 331 1452 aut
346 1395 474 1454 Concilio
494 1395 673 1456 oecumenica
693 1395 890 1465 damnarunt,
911 1401 941 1452 et
957 1394 989 1452 in

83 1461 137 1527 hoc
158 1470 259 1530 Indice
277 1489 338 1530 non
356 1481 444 1545 sunt,
460 1474 564 1534 eodem
584 1472 672 1533 modo
691 1469 820 1533 damnati
841 1488 902 1530 esse
921 1489 991 1530 cen·

82 1553 222 1620 scantur,
244 1547 318 1607 sicut
339 1547 409 1608 olim
426 1549 558 1611 damnati
578 1551 708 1611 fuerunt.

438 1701 585 1762 REGULA
607 1705 646 1766 ll.

125 1845 391 1910 llaeresiarcharum
412 1849 507 1922 libri,
529 1859 590 1910 tam
611 1869 735 1926 eorum,
759 1853 811 1930 qui
830 1858 896 1930 post
918 1869 993 1929 proe-

81 1925 199 1985 dictum
222 1945 334 1986 annum
355 1926 477 1988 haereses
500 1929 696 2002 invenerunt,
723 1931 770 1989 vel
795 1928 992 1999 suscitarunt,

80 2020 173 2139 poam
196 2005 246 2080 qui
272 2002 478 2067 baereticorum
508 2007 623 2086 capita,
651 2016 702 2067 aut
729 2008 818 2066 ducos
848 2014 916 2065 sont
946 2005 993 2066 vel

91 2088 225 2152 uerunt,
244 2083 342 2160 quoles
364 2092 434 2143 sunt
454 2083 619 2158 botherus,
636 2084 719 2145 Zwin
739 2086 816 2158 lius,
834 2084 991 2158 Calvinus,

80 2154 232 2218 Baithasar
249 2161 492 2235 Pecimontanus,
519 2104 811 2235 Schwenckfelli'us,
836 2170 866 2221 et
886 2158 932 2222 bis
951 2162 991 2220 si·

80 2237 186 2308 miles,
213 2234 421 2317 cujuscumque
448 2240 598 2314 nominis,
625 2240 723 2317 tituli,
748 2247 800 2301 aut
824 2241 991 2318 argumenti

81 2314 227 2387 existant,
249 2317 371 2376 omnino
393 2315 601 2452 {cohibentur

118 2389 258 2451 Aliorum
278 2402 376 2454 eutem
422 2396 607 2456 aereticorum
621 2391 773 2473 libri,an
791 2393 828 2454 de
841 2392 992 2472 Religione

81 2468 203 2546 quidem
223 2487 259 2528 ex
282 2472 410 2549 professo
430 2479 576 2546 tractant,
599 2470 720 2532 omnino
743 2472 930 2532 damnantur.

116 2546 175 2620 Qui
201 2564 274 2606 vero
298 2549 334 2608 de
354 2548 506 2627 Religione
530 2568 591 2609 non
620 2556 766 2622 tractant,
793 2545 811 2611 a
836 2546 992 2627 Theologis

80 2621 257 2698 Catholicis,
274 2623 357 2701 jussu
371 2624 597 2707 Episcoporum,
612 2634 642 2686 et
655 2626 869 2704 Inquisitorem
882 2626 992 2685 exomi-

79 2703 157 2773 nati,
183 2709 217 2761 et
239 2702 410 2781 approbati,
431 2707 656 2782 permittuntur.

114 2780 199 2840 Libri
223 2781 312 2840 etiem
335 2778 475 2842 catholice
495 2780 673 2861 conscripti,
699 2788 760 2842 tam
779 2779 816 2839 ab
836 2779 914 2851 illis,
939 2778 991 2855 qui

78 2867 175 2989 [testea
189 2858 227 2916 in
241 2853 378 2918 hoeresim
401 2857 474 2939 lapsi
495 2868 584 2933 sont,
600 2873 689 2937 quam
710 2857 834 2926 abillis,
856 2855 908 2932 qui
925 2861 993 2931 post

88 2953 192 3013 apsum
221 2934 258 2994 ad
287 2934 420 2995 Ecclesia
442 2939 589 3016 gremium
620 2935 760 3005 rediere,
794 2930 948 3017 approbati
975 2945 992 2985 a

79 3011 229 3072 Facultate
247 3009 421 3091 Theologioa
442 3014 564 3075 alicn’us
585 3011 790 3092 universitatis
812 3004 990 3077 Catholrcoe,

78 3091 175 3149 veleb
192 3088 390 3164 Inquisitione
411 3107 517 3168 genera
529 3093 561 3164 i,
583 3088 718 3168 permitti
741 3089 892 3162 poterunt.

424 3241 572 3300 REGULA
593 3243 647 3299 111.

114 3396 278 3461 versiones
299 3392 482 3472 Scriptorum
503 3393 592 3452 etiam
611 3391 896 3468 Ecelcsiasticorom,
922 3413 989 3473 quae

78 3473 221 3536 haetenus
237 3471 323 3534 edite
335 3479 404 3532 sunt
417 3490 433 3532 a
446 3470 590 3532 damnatis
603 3470 795 3544 Auctoribus,
810 3471 899 3532 modo
912 3467 989 3532 nibil

79 3563 180 3616 eontra
207 3569 307 3614 sanam
329 3549 494 3614 doctrinam
517 3549 703 3628 contineant,
724 3551 947 3630 permittuntur.
