2384 3942
174 175 261 216 xxxvl
469 171 610 213 sonentur!
625 171 702 212 PAPAE
715 171 764 210 xlv

175 264 251 334 erit,
265 268 299 320 ut
312 277 414 322 omnes
430 260 612 336 intelligant,
631 259 737 335 primae
752 256 889 317 editionis
901 259 1080 338 exemplaria

175 341 328 430 dmutaxat
342 336 495 398 interdieta
511 337 574 396 sore
587 379 594 407 ,
607 335 743 394 secundae
757 353 827 394 vero
840 333 903 411 jam
918 337 1081 398 emendatoe
1155 331 1162 345 '

174 435 325 496 permissa.

217 553 234 634 1
254 555 302 612 10.
325 553 503 626 conquestos
517 549 624 608 scimus
639 547 796 626 aliquando
809 548 987 623 nonnullos,
1002 549 1085 628 quod

179 633 325 693 librorum
338 625 468 703 judicia,
491 635 520 686 et
546 627 793 718 proscriptiones,
820 625 959 685 inauditis
982 637 1087 689 aueto-

178 709 281 777 ribus,
305 705 376 764 fiant
397 704 480 763 nullo
502 704 646 783 ipsrsleeo
670 705 705 762 ad
726 703 924 763 defensionem
937 722 1085 766 concesso.

179 785 253 846 Huic
271 790 369 840 autem
392 781 517 859 querelae
535 800 580 840 res
604 799 710 840 onsum
722 782 810 840 luisse
831 781 987 852 novimus,
1008 781 1087 842 nihil

181 879 254 939 opus
266 877 326 918 esse
338 867 469 918 auctores
487 860 518 918 in
534 856 567 936 ju
590 859 679 919 icium
695 877 818 928 vocare,
832 859 882 917 ubi
892 876 952 917 non
964 860 1087 936 quidem

181 939 217 998 de
230 954 334 996 eorum
351 937 483 1014 personis
497 936 649 1006 notandis,
662 946 713 995 aut
729 935 958 995 condemnandis
970 937 1086 1015 agitur,

183 1013 234 1074 sed
247 1015 284 1073 de
306 1013 482 1073 consulendo
503 1014 649 1073 Fidelium
671 1013 879 1084 indemnitati,
899 1022 987 1091 atque
1003 1031 1088 1074 aver-

182 1090 321 1166 tendoab
336 1091 406 1168 ipsis
421 1090 570 1170 periculo,
595 1090 673 1168 quod
699 1109 734 1149 ex
762 1108 854 1150 nocua
871 1090 1017 1150 librorum
1045 1091 1089 1150 le·

184 1171 282 1229 ctione
295 1169 378 1227 facile
399 1168 582 1242 incurritur,
608 1169 632 1226 si
654 1187 710 1244 qua
731 1185 802 1241 pero
828 1168 998 1246 ignominiae
1022 1168 1090 1228 labo

185 1247 312 1307 auctoris
324 1261 434 1304 nomen
448 1263 483 1304 ex
494 1263 528 1304 eo
545 1246 659 1322 aspergi
672 1246 839 1323 contingat,
853 1246 884 1304 id
896 1262 956 1305 non
967 1246 1089 1317 directe,

184 1324 235 1384 sed
258 1323 377 1400 oblique
401 1339 436 1380 ex
457 1323 527 1382 libri
552 1323 739 1381 damnatione
760 1340 846 1381 conse
867 1321 908 1380 ui.
941 1324 1004 1396 Qua
1021 1341 1091 1382 sane

182 1402 300 1462 ratione
317 1399 442 1461 minime
467 1400 674 1478 improbandas
692 1417 842 1458 censemus
885 1395 1032 1476 ujusmodi
1053 1401 1091 1459 li-

186 1479 312 1538 brorum
337 1476 578 1555 prohibitiones,
617 1477 754 1535 inauditis
785 1477 954 1536 auctoribus
980 1476 1092 1553 facus,

186 1574 281 1634 quum
301 1555 465 1632 praesertim
489 1553 668 1613 credendum
680 1555 737 1624 sit,
749 1554 894 1633 quidquid
906 1572 961 1632 pro
974 1573 1004 1613 se
1016 1555 1092 1632 ipso,
1159 1593 1162 1599 ‚

185 1643 239 1693 ant
252 1651 307 1712 pro
315 1632 456 1692 doctrinae
467 1650 526 1690 suae
535 1631 703 1690 defensione
737 1633 857 1690 otuisset
866 1641 967 1691 auctor
975 1631 1092 1703 afferre,

185 1711 221 1772 id
234 1711 357 1770 minime
376 1727 392 1766 a
409 1708 596 1779 censoribus,
613 1717 664 1767 aut
680 1650 828 1785 jubicibus
841 1709 1026 1788 ignoratum,
1040 1727 1094 1770 ne-

190 1791 356 1868 glectumve
369 1785 467 1845 luisse.
484 1785 584 1846 Nihilo
596 1794 696 1846 tamen
704 1787 824 1856 minus,
845 1787 925 1862 quod
937 1805 1012 1865 saepe
1025 1788 1095 1847 alias

189 1885 306 1926 summa
330 1863 501 1940 aequitatis,
524 1871 555 1922 et
578 1863 743 1940 prudentiae
769 1864 903 1934 ratione,
926 1864 963 1921 ab
992 1865 1094 1923 eadem

194 1943 419 2022 congregatione
453 1941 575 1999 sactum
588 1939 678 1998 luisse
702 1947 834 2009 constat,
861 1937 916 1997 boc
949 1940 1037 1999 etiam
1063 1943 1094 2001 in

187 2031 345 2098 ,posterum
359 2017 395 2075 ab
405 2035 437 2074 ea
450 2017 560 2074 servari
572 2033 750 2093 magnopere
762 2023 896 2093 optamus
910 2060 918 2087 ,
931 2024 965 2075 ut
977 2021 1095 2094 quando

193 2115 241 2156 res
259 2097 296 2154 sit
307 2095 344 2152 de
364 2101 482 2152 auctore
498 2091 672 2164 Catholico,
691 2093 789 2169 aliqua
810 2094 939 2152 nominis
954 2102 983 2153 et
1006 2099 1095 2156 meri-

195 2184 296 2232 torum
317 2171 394 2228 fama
405 2169 533 2240 illustri,
557 2167 677 2246 ejusque
686 2188 779 2247 opus,
797 2170 923 2248 demptis
933 2169 1094 2243 demendis,

133 2311 138 2334 ,
195 2251 228 2310 in
240 2247 393 2328 publicum
417 2246 553 2324 prodesse
573 2248 872 2326 possedignoseatnr,
892 2247 938 2306 vel
949 2248 1096 2311 auctorem

197 2329 295 2405 ipsum
308 2342 391 2382 suam
411 2341 525 2382 causam
538 2324 613 2382 tueri
632 2326 779 2385 volentem
802 2325 918 2397 audiat,
932 2327 979 2384 vel
1003 2345 1096 2388 unum

194 2422 235 2462 ex
254 2401 476 2462 consultoribus
496 2401 646 2478 designet,
669 2402 719 2477 qui
733 2420 769 2460 ca
782 2399 876 2482 officio
892 2403 987 2480 operis
998 2402 1097 2483 patro·

194 2481 311 2540 oinium
326 2521 334 2552 ,
356 2476 614 2556 defensionemque
626 2479 773 2556 suscipiat.

238 2612 255 2694 g
275 2615 324 2674 11.
347 2613 602 2686 Quemadmodum
627 2632 720 2686 vero,
741 2614 792 2673 ubi
814 2614 851 2674 de
870 2616 1098 2694 congregatione

197 2693 294 2752 saneti
323 2689 416 2750 Ollieii
442 2691 617 2770 agebamus,
638 2691 734 2751 eidem
758 2709 812 2754 nos
839 2711 956 2771 semper
976 2692 1099 2752 interiu-

202 2779 284 2830 turos
304 2769 485 2845 recepimus,
511 2770 751 2903 quotiescumque
764 2769 801 2828 de
811 2770 910 2840 libro,
936 2768 1019 2845 eujus
1039 2787 1100 2828 ma-

198 2848 274 2908 teria
287 2845 430 2926 gravioris
444 2847 587 2906 momenti
600 2848 649 2918 sit,
660 2845 693 2923 ju
716 2846 805 2905 icium
820 2856 923 2924 agatur
933 2868 942 2922 3
953 2847 1034 2924 quod
1046 2849 1101 2907 erit

202 2925 289 2986 nobis
305 2923 498 2994 facillimum,
521 2942 613 3000 quum
640 2922 741 2982 eadem
766 2926 958 3002 congregatio
975 2925 1102 3002 qualibet

204 3004 276 3064 seria
292 3003 395 3080 quinta
413 3019 511 3060 coram
535 3001 620 3060 nohis
638 2999 799 3077 hahetur,
813 3004 854 3062 sie
865 3012 896 3062 et
908 3002 1016 3064 lndicis
1028 3005 1101 3063 Con·

207 3079 368 3158 gregationi
379 3077 699 3157 praesentiamnestram
708 3079 879 3156 impendere
925 3083 981 3141 rati
993 3099 1100 3152 sumus,

208 3157 322 3231 quoties
347 3161 391 3214 rei
406 3159 532 3235 gravitas
562 3156 593 3216 id
622 3158 785 3236 promereri
820 3158 887 3218 vide
908 3159 979 3218 itur.
1004 3161 1102 3235 Neque

207 3231 288 3291 enim
316 3231 380 3290 ido
402 3253 436 3293 us
460 3252 521 3294 esse
544 3233 701 3295 dicendum
725 3245 787 3307 est,
801 3254 895 3313 quum
912 3236 960 3295 vel
976 3233 1101 3294 baeretici

206 3307 336 3395 hominis
364 3252 439 3369 liber
474 3312 687 3386 denuntiatur,
712 3312 745 3370 in
776 3331 835 3388 quo
867 3320 968 3371 auctor
993 3329 1103 3374 errores

15 3455 16 3462 ἵ
210 3383 357 3444 Catholico
390 3385 519 3463 dogmati
544 3389 728 3448 adversantes
756 3389 888 3448 consulto
921 3388 1033 3459 tradit,
1055 3399 1103 3448 aut

15 3485 27 3662 q
210 3469 331 3540 tuetur3
350 3459 397 3519 vel
417 3479 490 3538 opus
520 3464 640 3541 aliquod
660 3466 691 3524 in
711 3482 833 3524 examen
851 3463 1025 3537 adducitur,
1047 3485 1102 3542 que
