2384 3942
184 217 224 260 ΧΙΙ
508 219 621 260 nucum
646 218 759 260 lllDlClS.

224 300 379 364 Librorum
399 311 497 363 autem
514 303 621 362 veteris
641 301 818 361 Testamenti
839 303 1086 373 versiones,viris

186 387 302 440 tantum
323 379 437 452 doctis,
460 387 489 439 ct
511 381 584 458 piis,
607 377 717 456 judicio
741 379 875 458 Episcopi
897 379 1014 440 concedi
1033 399 1087 459 po-

186 466 287 518 terunt
303 481 311 534 3
331 458 418 518 modo
434 455 603 533 hujusmodi
616 455 821 525 versionibus,
842 465 983 533 tanquam
998 459 1088 519 eluci·
1111 461 1115 465 “

186 535 352 596 dationibus
364 535 496 612 Vulgatae
507 534 662 607 editionis,
677 535 713 594 ad
732 534 953 614 intelligendam
977 554 1088 596 sacram

186 613 388 692 scripturam,
403 628 464 670 non
476 621 574 671 autem
586 622 725 690 tanquam
746 630 827 672 sacro
852 620 933 671 textu
954 620 1087 673 utantur.

237 689 391 750 Versiones
416 707 487 749 vero
521 691 604 749 novi.
623 689 799 748 Testamenti
839 690 875 749 ab
913 689 1092 750 Auctoribus

186 768 290 846 primae
302 765 404 825 Classis
421 765 509 843 hujus
521 767 628 826 Indicis
639 767 733 836 factae,
747 766 859 825 nemini
875 765 1088 841 concedantur,

186 843 254 920 quia
275 844 408 904 utilitatis
428 862 554 922 parum,
579 842 701 923 periculi
721 863 792 904 vero
814 843 977 921 plurimum
999 844 1090 905 lecto·

186 919 269 978 ribus
282 939 318 979 ex
338 939 440 980 earum
452 922 577 980 lectione
590 940 709 980 manare
731 921 815 981 solet.
1126 980 1129 985 .

239 997 269 1054 Si
297 1017 362 1075 quae
389 1016 459 1058 vero
487 1000 689 1059 annotationes
716 1018 784 1058 cum
810 996 996 1074 hujusmodi,
1022 1018 1088 1076 qum
1135 1051 1138 1054 ,

93 1101 95 1108 v
185 1074 417 1153 permittuntur,
437 1077 640 1149 versionibus,
661 1076 707 1134 vel
727 1095 795 1136 cum
815 1076 938 1154 Vulgata
959 1075 1088 1136 editione

185 1153 451 1224 circumferuntur,
471 1153 622 1232 expunctis
650 1154 720 1212 locis
744 1144 882 1231 susptpis
904 1172 921 1211 a
942 1154 1088 1213 Facultate

186 1227 360 1309 Theologica
389 1229 510 1308 alicujus
537 1232 739 1291 Universitatis
763 1229 935 1305 Catholicae,
961 1239 1012 1289 aut
1037 1233 1087 1290 ln-

186 1308 343 1383 quisitione
367 1309 515 1388 generali,
537 1309 667 1388 permitti
687 1309 796 1368 eisdem
820 1315 960 1386 poterunt
980 1308 1088 1386 quibus

186 1391 216 1443 et
237 1388 395 1446 versiones.

225 1462 339 1534 Quibus
367 1464 582 1524 conditionibus
608 1472 704 1522 totum
729 1463 868 1522 volumen
899 1461 1086 1534 Bibliorum,

186 1539 265 1614 quod
286 1541 373 1620 vulgo
397 1542 490 1601 Biblia
516 1540 630 1601 Vatabli
654 1540 783 1613 dicitur,
806 1548 857 1598 aut
878 1549 976 1618 partos
998 1539 1087 1617 ejuS,
1189 1604 1190 1619 ,

186 1616 306 1677 concedi
327 1620 398 1678 viris
419 1620 494 1697 piis,
515 1627 544 1679 et
568 1619 661 1679 doctis
683 1627 833 1709 poterunt.

226 1697 268 1754 Ex
287 1696 387 1755 Bibliis
404 1714 473 1756 vero
493 1697 597 1757 Isidori
617 1696 704 1755 Clarii
725 1696 853 1756 Brixiani
877 1697 1034 1774 prologus,
1060 1703 1090 1755 et

186 1772 393 1852 prolegomena
419 1776 637 1853 praecidantur3
661 1772 723 1850 ejus
745 1793 816 1834 vero
843 1783 975 1847 textum,
1001 1790 1089 1834 nemo

186 1857 300 1912 textum
312 1853 445 1932 Vulgatae
465 1854 601 1915 editionis
621 1870 682 1911 esse
698 1851 855 1911 existimet.

527 2005 674 2066 REGULA
693 2005 745 2064 1v.

226 2164 301 2221 Cum
329 2162 529 2241 experimento
552 2159 740 2220 manifestum
770 2160 826 2232 sit,
850 2159 874 2219 si
898 2177 976 2218 sacra
996 2161 1088 2221 Biblia

185 2239 299 2318 vulgari
307 2239 406 2319 lingua
415 2241 522 2319 passim
533 2239 596 2298 sine
609 2237 777 2297 discrimine
786 2238 1012 2316 permittantur,
1023 2241 1090 2318 plus

187 2316 270 2388 inde,
281 2317 319 2377 ob
329 2317 485 2378 bominum
493 2317 702 2384 temeritatem,
713 2315 882 2375 detrimenti
893 2359 900 2386 ,
912 2333 1000 2391 quam
1008 2317 1089 2375 utili-

187 2395 254 2453 tatis
263 2395 334 2453 oriri
349 2394 420 2469 ;bac
432 2396 463 2454 in
477 2403 559 2473 parte
568 2391 708 2469 judicioE
731 2393 818 2472 iscopi
828 2439 836 2464 ,
848 2401 898 2451 aut
906 2393 1090 2470 Inquisitoris
1186 2426 1187 2435 κ

187 2479 299 2544 stetur,
321 2481 354 2531 ut
379 2491 445 2532 cum
470 2472 591 2532 consilio
614 2413 756 2543 Parocld,
778 2471 825 2531 vel
847 2470 1018 2545 Confessarii
1041 2471 1090 2529 Bi·
1163 2531 1173 2548 ,

186 2547 334 2621 bliorum,
351 2569 367 2608 a
384 2548 536 2610 Catholicis
550 2547 726 2610 Auctoribus
742 2566 914 2618 versorum,
934 2547 1090 2609 lectionem

187 2627 219 2684 in
240 2627 353 2704 vulgari
373 2626 472 2705 lingua
492 2627 534 2687 eis
553 2624 710 2687 concedere
732 2628 863 2704 possint,
884 2643 956 2702 quos
975 2626 1090 2685 intelle-
1185 2682 1186 2685 ,

186 2705 284 2764 norint
302 2722 337 2763 ex
352 2701 520 2780 hujusmodi
534 2705 659 2764 lectione
681 2722 741 2763 non
754 2704 913 2774 domnum,
933 2702 984 2762 sed
1001 2702 1089 2774 fidei,

187 2791 274 2859 atque
295 2783 409 2860 pietatis
430 2793 622 2862 augmentum
648 2799 750 2860 capere
768 2799 873 2859 posse,
893 2798 982 2858 quom
1000 2780 1091 2840 facul-

188 2869 278 2921 tatem
301 2861 332 2919 in
356 2859 469 2938 scriptis
493 2859 629 2919 babeant.

226 2940 283 3012 Qui
296 2947 394 2998 autern
408 2935 516 3014 absque
530 2939 579 2997 tali
595 2938 730 2996 facultate
743 2955 776 2995 ea
789 2936 904 3014 legere,
919 2952 970 2995 seu
983 2934 1091 2996 habene

187 3015 424 3095 praesumpserit,
452 3015 506 3074 nisi
530 3016 613 3093 prius
632 3015 732 3075 Bibliis
758 3012 914 3072 Ordinario
943 3013 1089 3088 redditis,

187 3103 372 3170 peccatorum
397 3093 609 3154 absolutionem
634 3092 783 3172 percipere
810 3109 870 3151 non
891 3093 992 3170 possit.

227 3171 321 3230 Biblio
342 3172 396 3232 oloe
413 3190 504 3243 vero,
527 3172 577 3248 qui
593 3172 762 3249 proedietam
776 3169 942 3229 facultatem
959 3187 1018 3228 non
1038 3167 1090 3227 ba-

187 3246 268 3307 benti
295 3191 386 3307 Bildia
411 3251 549 3310 idiomate
569 3250 683 3329 vulgari
703 3248 865 3326 conscripta
883 3245 1089 3334 vendiderint,

187 3324 235 3384 vel
252 3324 309 3382 alio
325 3328 427 3402 quovis
443 3327 530 3388 modo
549 3328 759 3398 concesserint,
778 3325 923 3385 librorum
939 3330 1089 3398 pretium,

189 3401 221 3461 in
240 3419 310 3460 usus
332 3403 395 3479 pios
416 3404 452 3464 ab
479 3404 620 3482 Episcopo
648 3401 902 3468 convertendum,
934 3397 1090 3471 amittant3

187 3479 309 3557 aliisque
333 3479 425 3558 poenis
443 3500 498 3560 pro
522 3481 619 3541 delicti
639 3481 793 3558 qualitate,
813 3475 943 3555 ejusdem
957 3471 1091 3553 Episcopi
1181 3526 1182 3543 t

188 3557 335 3630 arbitrio,
354 3556 531 3635 subjaceant.
