2384 3942
404 3 577 62 derer
602 46 619 72 ‚
665 1 763 62 die
795 1 956 60 scine
985 10 1177 61 ersten
1201 0 1391 62 Nachf
1482 18 1547 59 er
1570 0 1695 59 sein
1732 1 1945 60 sollten
1967 45 1983 72 ‚
2012 19 2141 61 vor·

443 79 633 140 estellt
651 97 745 138 am
771 80 1180 157 Ostermontag
1197 78 1302 137 der
1320 80 1433 138 Kat
1475 77 1839 137 edralkirche
1861 97 1935 137 zu
1951 79 2138 138 Stras-

450 176 582 237 urg.
613 155 686 217 Id
723 163 808 216 est
845 151 1023 216 latine
1058 178 1079 214 .·
1117 153 1432 235 Pontifices
1473 153 1771 216 denudati.
1812 157 2141 215 Extractus

405 229 720 296 Parallelae
753 233 906 293 inter
944 233 1128 293 vitam
1171 235 1318 292 Jesu
1338 277 1353 305 ‚
1398 241 1453 292 et
1483 231 1669 293 vitam
1709 229 1953 293 illorum
1978 278 1997 307 ,
2036 233 2143 312 qui

399 312 589 394 primi
641 309 898 391 ejusdem
937 328 1282 371 successores
1340 327 1458 370 esse
1499 308 1761 371 deberent
1775 354 1793 384 ,
1844 308 2143 370 exhibitus

405 392 540 450 Fer.
576 391 645 459 2,
673 386 984 448 Paschatis
1009 388 1076 447 in
1116 383 1375 448 Ecclesia
1414 383 1748 447 Cathedrali
1781 387 2145 466 Arqentora-

410 475 527 526 ten.
563 465 931 544 Argentorati
964 508 978 535 ‚
1022 466 1194 525 1792.
1223 465 1413 544 (Decr.
1445 466 1518 524 26
1544 464 1803 523 Januarii
1839 463 2045 542 1795.)

327 561 563 621 Scienza
632 558 709 635 la)
757 558 908 617 della
947 559 1355 637 Legislazione.
1398 556 1539 620 Vide
1567 559 1902 637 Filangieri.

333 639 563 697 Scienza
596 635 695 716 (a)
737 635 888 695 della
931 637 1116 696 salute
1150 636 1411 695 ristretta
1450 635 1515 695 in
1535 636 1730 713 quelle
1751 636 1865 695 due
1892 637 2099 714 parole
2127 659 2141 694 ε

411 713 588 774 Pochi
627 731 770 773 sono
844 714 886 772 li
913 715 1109 773 Eletti.
1137 716 1397 774 Trattato
1433 712 1509 772 do
1612 715 1760 773 atico
1789 722 2025 792 portato
2050 715 2149 773 dal

413 790 1090 948 {1¹⁸⁸n99sf7331)'¹⁵bb³oe
1131 794 1183 853 N
1188 791 1369 853 icolao
1404 731 1824 851 Burffiachie.
1870 789 2069 869 (Decr.
2110 794 2149 850 4

474 878 608 929 artu
811 913 824 926 .

329 953 636 1032 Scioppius
675 955 914 1032 Gaspar.
953 953 1194 1014 Infamia
1221 954 1518 1027 Famiani‚
1560 954 1654 1014 cui
1679 953 2024 1032 adjunctum
2061 965 2153 1014 est

412 1031 486 1090 de
528 1033 666 1113 styli
717 1029 981 1091 historici
1023 1030 1343 1090 virtutibus
1382 1051 1447 1090 ac
1485 1031 1644 1091 vitiis
1704 1030 1996 1108 judicium
2026 1077 2042 1104 ‚
2088 1041 2152 1093 et

414 1107 488 1167 de
523 1118 730 1169 natura
765 1109 1034 1168 Historiae
1057 1117 1117 1168 et
1133 1108 1405 1167 Historici
1424 1109 1613 1170 officio
1633 1110 1919 1169 Diatriba.
1943 1110 2148 1189 (Decr.

416 1187 491 1246 27
518 1187 654 1246 Maii
682 1186 881 1264 1687.)

340 1273 528 1352 Scogli
569 1273 665 1332 del
697 1270 1024 1332 Christiano
1063 1271 1364 1349 naufragio
1382 1316 1401 1344 ‚
1431 1272 1604 1351 quale
1629 1292 1700 1332 va
1736 1273 2061 1352 scoprendo
2097 1274 2154 1332 la

421 1351 598 1410 Santa
641 1349 844 1411 Chiesa
878 1348 940 1408 di
999 1346 1229 1408 Christo
1283 1348 1382 1407 alli
1444 1351 1570 1409 suoi
1628 1349 1816 1411 diletti
1864 1350 2152 1428 figliuoli,

419 1426 635 1586 palicghge
664 1427 738 1487 da
764 1427 946 1507 quelli
973 1445 1218 1505 possano
1258 1426 1655 1488 allontanarsi.
1690 1429 1886 1508 (Decr.
1921 1429 1994 1488 18
2015 1429 2154 1488 Maii

345 1613 539 1673 Scoofs
578 1613 933 1674 LeonarduS.
963 1617 1046 1672 De
1068 1612 1187 1671 vita
1211 1619 1269 1672 et
1298 1611 1564 1672 moribus

423 1693 494 1750 R.
518 1693 584 1751 P.
608 1691 891 1752 Leonardi
922 1691 1097 1750 Lessii
1127 1689 1299 1749 liber.

343 1819 423 1829 —--
458 1787 578 1846 Nec
601 1805 724 1847 non
754 1782 984 1846 Folium
1016 1785 1211 1846 Sacrae
1242 1787 1319 1846 Co
1399 1803 1564 1866 reqa-
1767 1816 1941 1895 (Dect
2004 1818 2083 1876 ¹3

424 1863 597 1923 tionis
631 1862 853 1923 Indicis
871 1864 1104 1923 nomi-ne
1123 1860 1280 1943 falso
1374 1863 1522 1923 itum
1539 1907 1557 1937 ,
1947 1859 1963 1875 ⁶

423 1938 527 1998 hoc
572 1935 741 1999 titulo
776 1962 797 1998 .·
843 1941 923 1998 Ea
961 1959 1092 2017 quae
1137 1942 1199 1999 in
1240 1940 1361 2000 vita
1399 1942 1557 1999 R.P.

427 2014 709 2074 Leonardi
769 2017 944 2075 Lessii
1009 2017 1351 2096 corrigenda
1395 2061 1412 2088 ‚
1465 2018 1560 2076 vel

425 2092 746 2151 omittenda
797 2093 1022 2152 censuit
1072 2095 1134 2153 S.
1175 2095 1560 2174 congregatio

425 2169 640 2230 Indicis
663 2213 679 2243 ,
718 2167 845 2230 haec
879 2177 1038 2229 sunt.

351 2278 532 2354 Scory
558 2275 832 2333 JoanneS.
877 2273 929 2353 (1
960 2275 1044 2333 Cl.
1070 2274 1225 2353 App.
1260 2275 1390 2335 Ind.
1422 2273 1615 2353 Trid.)

351 2357 631 2413 Scotanus
661 2353 966 2411 Hem-icus,
995 2353 1269 2412 Paratitla
1311 2354 1375 2412 in
1421 2361 1539 2413 tres
1571 2353 1797 2432 priores
1834 2352 2019 2412 libros
2052 2355 2161 2412 Co—

430 2431 595 2489 dicis,
627 2429 820 2509 (Decr.
852 2431 892 2488 4
926 2430 1229 2490 Februarii
1266 2429 1464 2509 1627.)

354 2549 433 2558 --
474 2519 755 2576 Scotanus
782 2513 1082 2573 redivivus
1111 2557 1127 2585 ‚
1162 2514 1284 2573 sive
1312 2513 1777 2574 Commentarius
1816 2514 2167 2574 Erotemati-

431 2611 532 2652 cus
568 2592 631 2650 in
671 2598 791 2650 tres
829 2591 1011 2650 libros
1050 2591 1275 2652 Codicis
1295 2634 1313 2664 ,
1367 2591 1558 2652 editus
1601 2610 1634 2650 a
1684 2590 1904 2651 Timaeo
1949 2591 2161 2651 Fabro.

434 2669 628 2748 (Decr.
667 2669 702 2728 5
739 2668 930 2727 Martii
974 2667 1172 2745 1616.)

357 2753 719 2825 ScottelliuS‚
772 2753 1060 2812 Antonius
1099 2753 1419 2813 AlbertiuS.
1473 2752 1812 2814 Dissertatio
1876 2751 2165 2812 Historica

435 2831 509 2890 de
545 2830 820 2891 ludibriis
857 2831 1019 2889 Aulae
1062 2832 1338 2890 Romanae
1382 2833 1444 2891 in
1488 2831 1867 2892 translatione
1912 2829 2160 2908 Imperii

437 2909 709 2968 Romani.
746 2909 936 2989 (Decr.
975 2909 1014 2965 4
1042 2908 1237 2969 Martii
1267 2908 1465 2987 1709.)

356 2995 561 3052 Scotus
595 2995 900 3053 Henricus.
937 2991 990 3071 (1
1024 2993 1112 3051 Cl.
1143 2993 1276 3053 Ind.
1298 2993 1492 3072 Trid.)

353 3072 559 3128 scotus
595 3070 889 3150 (Ioannes)
923 3069 1194 3147 Erigona.
1252 3070 1392 3133 Vide
1424 3072 1695 3150 Erigena.

353 3153 558 3236 scotus
586 3200 602 3224 ,
638 3156 826 3216 Julius
850 3155 1139 3216 Clemens..
1171 3158 1259 3216 De
1297 3159 1583 3216 potestate
1624 3154 1927 3216 pontificia
1967 3156 2031 3216 in
2057 3156 2167 3212 Sn-

434 3240 698 3292 trwtuiflffl
746 3232 902 3288 Jffiu.
952 3232 1143 3300 [Ut-rr.
1183 3236 1247 3292 13
1279 3236 1435 3292 Junii
1479 3232 1667 3304 ΙῦΞΗ.)

1758 1895 2095 1955 Decembris

1821 1975 1848 2031 1
1860 1975 1974 2033 646
1983 1972 2024 2049 .)
2045 2002 2058 2021 ι

2155 3628 2230 3642 “¹'-

2272 3615 2384 3656 <⁴
