2384 3942
60 2873 65 2882 '
178 2890 289 2939 nomen
309 2872 467 2939 Auctoris,
488 2891 556 2931 cum
577 2881 647 2933 nota
663 2873 879 2943 damnationis,
899 2880 934 2930 ut
950 2873 1085 2948 quamvis
1180 2890 1183 2900 ¹

12 3555 129 3646 t*

512 233 516 240 ι
525 170 700 214 tttstttttcrtO.

579 313 595 396 ς
616 315 653 372 ν.

201 472 312 530 Curcnt
328 461 478 598 Episcopi,
504 469 533 522 et
549 461 765 537 Inquisitores‚
786 476 916 535 quorum
936 461 1069 520 muneris

163 548 220 607 crit
242 545 407 606 facultatem
443 541 521 598 ibros
546 537 738 615 imprimendi
761 535 941 606 concedere,
969 546 1002 596 ut
1027 539 1070 596 eis

163 619 363 686 examinandis
385 625 519 694 spectate
543 615 680 692 pictatis,
698 622 728 674 ct
753 613 894 673 doctrinae
914 613 993 676 viros
1018 616 1070 674 ad-

163 701 303 770 hibeant,
324 693 362 753 de
380 711 508 770 quorum
529 692 605 761 lide,
628 701 657 750 et
677 693 845 769 integritate
866 690 923 750 sihi
959 691 1070 751 olliceri

164 783 291 855 queant,
318 770 394 830 nihil
425 789 474 833 eos
506 771 608 850 gratiae
630 768 780 837 daturos,
807 767 884 826 nihil
947 768 994 837 io,
1020 769 1071 827 sed

164 853 245 912 omni
265 849 395 908 humano
420 848 524 908 affectu
570 844 736 915 osthabito,
758 847 811 906 Dei
838 845 989 904 dumtaxat
1008 846 1072 922 glo·

164 929 240 988 riam
263 925 467 1003 spectaturus,
492 934 521 984 et
543 867 638 983 ffdelis
663 924 765 1001 populi
785 924 954 982 utilitatem.

206 1002 323 1065 Talium
337 1012 436 1066 cutem
448 1003 584 1064 virorum
597 1001 785 1078 approbatio,
802 1018 861 1060 una
875 1018 943 1059 cum
955 999 1072 1077 licentia

166 1080 324 1158 Episcopi,
345 1088 376 1140 et
390 1079 594 1160 Inquisitoris‚
621 1086 689 1137 ante
711 1078 831 1137 initium
853 1077 949 1156 operis
968 1077 1073 1154 impri-

167 1165 278 1218 matur.

582 1268 681 1359 su.⁸

207 1423 418 1502 typographi,
449 1430 479 1483 et
501 1423 673 1502 Bibliopolae
703 1441 802 1482 coram
828 1423 989 1502 Episcopo,
1025 1431 1077 1484 aut
1158 1488 1160 1492 ,

169 1502 367 1580 Inquisitore,
390 1509 419 1561 et
444 1502 544 1560 Rornae
571 1519 671 1562 coram
694 1501 831 1578 Magistro
856 1503 928 1560 sacri
950 1501 1076 1572 Palatii,

166 1575 360 1655 jurejurando
384 1597 397 1637 s
420 1577 570 1651 ondeant,
602 1596 634 1637 se
662 1596 770 1636 munus
801 1597 889 1637 suum
914 1578 1076 1648 catholice,

168 1655 303 1727 sincere,
335 1675 367 1715 ac
399 1597 526 1715 Ktideliter
553 1664 773 1732 exequuturos,
797 1653 944 1734 hujusque
972 1656 1079 1716 Indicis

170 1732 310 1804 decretis,
336 1753 368 1792 ac
396 1734 531 1812 regulis,
555 1735 842 1813 Episcoporumque,
867 1743 896 1794 ot
920 1734 1079 1810 Inquisito-

169 1829 239 1870 rum
259 1810 379 1882 edictis,
403 1819 547 1889 quatenus
561 1829 666 1871 eorum
682 1819 759 1868 artes
775 1811 942 1886 attingunt,
965 1811 1080 1870 obtem·

171 1897 344 1978 peraturos3
361 1907 458 1965 neque
475 1889 512 1947 ad
527 1907 587 1947 suaa
605 1887 673 1945 artis
689 1886 886 1944 ministerium
902 1904 1080 1962 quemquam

167 1973 297 2044 sc1enter
315 1965 512 2033 admissuros,
531 1965 581 2040 qui
600 1963 735 2020 haeretica
754 1961 820 2020 labe
838 1964 875 2020 sit
897 1963 1077 2038 inquinatus.

212 2040 297 2111 Quod
321 2040 345 2097 si
367 2041 445 2096 inter
473 2040 558 2109 illos,
585 2039 738 2114 insignes,
758 2056 791 2098 ac
813 2038 922 2097 cruditi
942 2040 1079 2100 nonnulli

172 2116 379 2250 reperiantur,
404 2114 495 2174 fidem
523 2116 612 2175 etiam
634 2112 832 2184 Catholicam,
851 2114 934 2192 juxto
955 2116 1080 2177 formam

174 2211 191 2250 a
233 2192 261 2250 io
277 2193 317 2252 lV
329 2192 379 2251 fel.
393 2209 454 2250 rec.
467 2193 687 2271 prescriptam,
703 2192 876 2252 eorumdem
888 2194 1083 2272 Superiorem

175 2268 325 2342 arbitrio,
346 2268 479 2349 profiteri
504 2279 672 2330 teneantur.

580 2423 679 2507 §vn

214 2559 303 2622 Liber
328 2562 461 2622 Auctoris
484 2562 638 2635 damnati,
660 2564 711 2641 qui
735 2563 773 2626 ad
791 2563 996 2641 praescriptum
1027 2565 1082 2624 lte·

178 2638 314 2719 galerum
349 2641 504 2718 expurgari
537 2642 739 2719 permittitur,
777 2648 931 2719 postquam
953 2651 1083 2701 accurate

178 2717 359 2796 recognitus,
376 2726 405 2777 et
417 2725 575 2796 purgatus,
592 2719 782 2798 legitimeque
801 2719 959 2794 permissus
977 2718 1083 2787 luerit,

178 2796 204 2856 si
227 2794 325 2854 denuo
345 2795 383 2854 sit
401 2795 634 2871 imprimendos,
653 2796 788 2873 praet'erat
807 2795 893 2854 titulo
912 2794 1085 2872 inscriptum

180 2951 276 3088 quosfil
301 2951 398 3029 aliqua
421 2949 496 3010 liber
522 2951 640 3029 recipi,
663 2950 772 3010 Auctor
805 2957 904 3010 tamen
935 2949 1085 3028 repudiari

182 3029 244 3088 inte
269 3030 276 3087 i
297 3038 375 3090 atur.

221 3105 255 3162 ln
271 3047 402 3182 ngusdem
420 3124 537 3185 quoque
549 3104 618 3165 libri
635 3105 799 3184 principio,
815 3113 881 3166 tum
897 3106 1005 3166 veteris
1019 3123 1087 3183 pro·

181 3179 353 3253 hibitionis,
374 3193 439 3244 tum
453 3184 579 3244 recentis
596 3183 827 3253 emendationis,
842 3203 876 3242 ac
888 3183 1087 3263 permissionis

181 3257 293 3317 mentio
313 3257 387 3335 fiat,
408 3262 533 3340 exempli
558 3261 651 3340 gratia
674 3282 682 3318 :
707 3258 889 3322 Bibliotheca
911 3279 931 3318 c
954 3257 1087 3318 Conrado

184 3335 309 3394 Gcsoero
336 3337 500 3416 Haecine,
524 3336 666 3398 domneto
682 3345 819 3407 erectore,
841 3333 912 3396 olim
935 3333 1030 3409 edita,
1054 3355 1088 3394 oc

180 3407 345 3497 prohibito,
368 3430 447 3472 conc
459 3413 549 3492 ῥυσια
562 3414 753 3495 Superiorem
771 3419 955 3494 eoepurqote,
978 3419 1007 3470 ct
1020 3430 1087 3493 pcr-

185 3502 289 3546 micea.
