2384 3942
196 179 254 237 206
528 190 768 233 rnorxumonnr

196 288 353 349 Krnntzius
375 285 536 366 (libertus)
561 285 800 365 llemburgensis.

235 369 404 445 Regnorum
427 364 653 441 Aquilonarium
679 365 800 432 Denioe,

236 444 362 516 Sueciae,
373 451 403 502 et
410 445 436 503 N
437 442 561 520 orvogioe
568 440 722 501 Chronica.
734 438 804 500 Edi·

236 521 325 581 tiomo
363 518 556 600 Francofurti
587 538 653 578 com
692 515 804 597 proeso·

236 598 330 673 tione,
350 604 379 656 ct
398 596 476 657 notu
494 596 623 657 loannis
644 593 753 678 Wolfii.

196 727 236 737 -
255 690 449 751 Ecclesiastico
466 690 685 762 Historie,sive
702 692 805 749 Metro
907 698 1012 759 Donec
1042 719 1096 761 er.

236 770 320 849 polis.
343 764 491 828 Editionio
517 762 709 848 Francosurti
737 785 803 826 cum
906 786 1091 858 pumenius,

232 844 423 929 prefatione,
439 845 556 905 cinctis
569 846 660 904 loon.
682 841 790 923 Wolfii.
908 852 999 931 (App,
1022 848 1092 917 ιῃᾱζ

197 974 236 985 -
264 940 398 999 Soxonie.
434 936 583 1000 Editionit
613 935 807 1016 Fraocofurti
947 933 1051 1010 Trid.)

235 1036 302 1154 epm
314 1014 515 1107 prefatione,
543 1024 572 1075 et
599 1016 676 1077 notis
706 1012 806 1077 Nicoli

261 1112 362 1155 tenen.

197 1224 237 1236 -
259 1189 424 1250 Wandelie.
448 1188 597 1251 Editioois
615 1186 807 1269 Francosurti

235 1287 313 1409 mco
329 1265 503 1362 prefatione
530 1265 655 1328 Andreoe
684 1263 807 1330 Wecltcli

273 1366 283 1405 t
314 1366 367 1409 res.

199 1432 295 1510 Krepi
312 1433 447 1494 Nicoleus
462 1430 645 1491 Ambrosius.
656 1430 867 1490 Annotntiones
880 1430 1108 1493 Medico-moro-

238 1509 280 1569 les
294 1512 391 1589 quoad
404 1510 577 1587 quaestiones
595 1507 838 1585 ponderosiores,
862 1508 1037 1587 multosque
1056 1512 1108 1571 dii-

237 1586 380 1649 ficultates
398 1586 646 1655 matrimonialem
664 1603 731 1643 cum
753 1585 959 1659 Coniesseriis‚
975 1597 1045 1648 tum
1059 1592 1108 1649 Cu·

238 1667 337 1726 suistis
367 1663 499 1744 quotidie
520 1664 570 1722 vix
590 1681 652 1722 non
674 1681 728 1741 pro
748 1662 925 1723 resolutione
949 1683 1109 1725 oecurren-

238 1751 301 1813 tes,
322 1744 354 1803 in
367 1742 439 1803 reali
457 1752 487 1803 et
504 1741 666 1801 anatomice
678 1741 807 1818 portium
825 1739 1108 1808 dilucidatione.....

238 1839 325 1881 sensu
346 1822 572 1881 recentioristico
590 1818 728 1878 fundatae.
741 1820 798 1878 Pro
816 1836 943 1895 querum
959 1821 1109 1882 soliditate

238 1900 433 1976 expositiones
453 1899 581 1976 denique
601 1896 637 1957 de
654 1897 856 1956 incarnatione
872 1897 994 1957 Domini
1013 1902 1110 1961 Nostri

241 1975 460 2049 lesu-Christi,
485 1984 515 2035 et
537 1975 575 2035 de
596 1974 793 2051 conceptione
823 1973 944 2033 illibotae
967 1978 1111 2056 Deipnae.

239 2054 339 2112 Donec
357 2055 532 2133 corripator.
556 2052 654 2131 (Decr.
668 2051 705 2111 25
723 2051 790 2109 Maii
805 2049 905 2130 1767.)

201 2128 392 2189 Krentzheim
410 2129 587 2188 Leonnrdus.
613 2128 640 2207 (l
663 2130 706 2189 Cl.
727 2127 748 2186 Α
773 2147 803 2206 p.
824 2129 889 2188 lnd.
907 2129 1013 2209 Trid.)

201 2209 332 2295 Krenzer
347 2206 542 2295 Sebastianus.
558 2207 665 2266 Cursus
673 2148 837 2296 Theologioe
850 2204 1040 2269 Scholastieae
1062 2229 1111 2289 per

239 2301 384 2362 principia
408 2285 561 2355 Lullinno‚
581 2302 649 2343 cum
688 2283 762 2342 rinei
784 2284 819 2343 ris
836 2283 962 2343 alierum
991 2286 1112 2347 Schola-

201 2364 629 2516 nurlrrultu
644 2302 687 2419 ἅ
694 2302 919 2517 stultit)

202 2516 432 2594 Kriegsmunnus
449 2457 877 2594 lllilhclmuspgllristophorns.
891 2520 932 2576 Dc
945 2520 1054 2581 attrito
1065 2541 1114 2600 per

241 2595 330 2672 Pupas
351 2596 501 2674 Imperio,
519 2596 615 2673 deque
629 2590 835 2653 Pontificatun
857 2597 988 2667 cesare,
1017 2600 1115 2659 Eccle-

240 2672 290 2731 siae
304 2674 415 2751 licique
428 2674 553 2751 publicae
571 2690 655 2731 ceusu
670 2672 861 2749 capessendo,
873 2673 1114 2737 Dissertationes.

242 2749 338 2828 (Decr.
360 2753 373 2810 l
395 2752 565 2811 Decembris
589 2748 689 2825 1687.)

203 2827 370 2906 Krompoch
387 2872 396 2901 ‚
418 2846 469 2888 scu
485 2824 654 2887 Krumbech
675 2825 819 2885 Nicolaus
840 2826 866 2905 (l
883 2829 915 2887 Cl
929 2827 1000 2888 lnd.
1016 2832 1116 2911 Trid.)

204 2906 368 2985 Kuppclich
389 2908 465 2965 Geor
485 2906 540 2967 ius.
560 2908 585 2983 (l
601 2904 643 2962 Cl.
659 2902 736 2980 App.
753 2902 819 2962 lnd.
835 2906 930 2985 Trid.)

203 2986 347 3064 Kypseier
366 2924 505 3044 Gottliez.
526 2986 579 3043 Les
609 2979 713 3040 delites
736 2980 774 3039 de
793 2981 820 3040 la
842 2983 962 3053 Suisse‚
989 3005 1055 3048 une
1070 2988 1117 3048 des

242 3063 416 3198 principales
435 3061 634 3140 Republiqucs
649 3057 686 3117 de
704 3055 860 3139 l'Europc,
880 3060 1013 3125 divise'cs
1034 3085 1076 3127 cn
1091 3086 1117 3128 rr

268 3158 360 3202 omes.
383 3140 480 3219 (Decr.
496 3142 530 3202 ri
546 3136 678 3200 Jonuerii
696 3134 795 3213 1752.)
