2384 3942
86 3495 218 3592 “pugil

136 188 172 228 xl.
445 183 589 228 acuentes!
609 181 686 223 PAPAE
701 181 751 221 XlV

137 271 322 333 conscientiae
343 287 422 342 suae,
438 276 593 331 auctorum
608 266 714 339 famae,
734 267 866 327 Ecclesiae
890 267 990 339 bono,
1015 276 1044 327 ct

139 349 285 410 Fidelium
306 348 426 410 utilitati
448 344 612 405 consulere.
626 345 693 404 Duo
717 353 816 403 autem
836 344 951 422 reliqua
976 353 1045 406 sunt

136 427 249 486 incum
271 426 362 486 linem
382 421 649 559 plano-opportuna
661 466 670 494 ,
683 440 749 499 quoe
769 419 825 482 boc
848 421 913 481 loco
939 422 1045 502 adjun-

136 505 233 582 genda
246 505 368 566 omnino
393 515 453 559 esse
471 517 506 576 Ju
528 517 649 560 scamus.

175 611 191 693 S
210 614 260 673 2l.
282 608 432 670 Prodeunt
445 607 604 686 aliquando
629 607 719 682 libri,
733 606 765 667 in
783 607 891 684 quibus
906 608 976 668 falsa
993 655 1001 682 ,
1016 619 1047 671 et

134 690 294 768 reprobata
314 686 470 764 dogmata,
491 694 542 745 aut
558 693 733 822 apstemata,
748 685 906 763 religioni,
921 687 968 745 vel
981 706 1046 748 mo-

135 769 220 827 ribus
240 763 380 833 exitiosa,
396 771 457 821 tam
500 781 547 822 am
560 782 575 822 a
588 763 686 822 iorum
703 763 822 822 inventa
836 807 844 835 ,
859 770 889 822 et
901 764 1044 842 cogitata,

137 848 345 932 exponuntur,
374 846 404 898 et
425 858 458 898 rc
470 849 616 911 eruntur,
635 840 746 917 absque
765 858 800 899 eo
818 839 898 916 quod
921 849 1043 912 auctor,

137 939 187 996 qur
217 935 291 996 opus
314 935 401 976 suum
432 918 529 995 pravis
558 916 727 993 hujusmodi
754 916 901 976 mercibus
923 935 1046 978 onerare

140 996 264 1073 sategit,
281 1012 316 1054 ea
327 993 474 1054 refutandi
489 1013 590 1054 curam
607 995 639 1052 in
652 1011 683 1053 se
695 994 827 1071 recipiat.
841 996 949 1054 Putant
962 1014 1043 1068 vcro,

138 1073 188 1151 qui
208 1073 276 1131 talia
296 1080 389 1150 agunt
402 1116 410 1144 ,
422 1070 498 1131 nulli
511 1089 574 1130 sese
591 1069 811 1150 reprehensioni
827 1080 900 1143 ,aut
916 1090 1045 1132 censurae

137 1149 281 1209 obnoxios
304 1166 388 1218 esse,
433 1157 568 1227 ropterca
585 1148 666 1225 quod
688 1149 725 1208 de
739 1148 859 1220 alienis,
883 1158 917 1209 ut
939 1148 1044 1226 ajunt,

138 1225 328 1304 opinionibus
347 1167 433 1285 nihil
445 1227 499 1306 ipsi
525 1226 694 1298 affirment,
715 1226 765 1286 scd
784 1223 921 1287 historice
945 1246 960 1284 a
982 1236 1043 1287 ant.

137 1305 176 1362 At
189 1301 334 1382 quidquid
355 1304 393 1363 sit
415 1303 452 1362 de
471 1321 575 1364 eorum
594 1303 713 1374 animo,
735 1312 764 1362 et
784 1303 926 1375 consilio,
971 1322 1045 1382 eque

137 1381 284 1470 personali
304 1381 336 1439 in
350 1398 399 1440 eos
415 1380 667 1440 animadversione
680 1423 688 1451 ,
703 1379 740 1438 de
753 1397 811 1457 qua
828 1379 979 1455 viderint,
1013 1381 1045 1440 ul

138 1477 170 1517 in
183 1457 392 1518 Tribunalibus
413 1457 449 1516 ad
467 1456 626 1518 codroenda
637 1457 762 1516 crimina
775 1456 917 1517 institutis
933 1457 981 1535 jus
992 1400 1045 1518 ffli-

138 1543 229 1610 cunt3
247 1534 377 1595 dubitari
404 1542 482 1594 oerte
510 1552 571 1594 non
600 1543 716 1613 potest,
741 1552 877 1611 magnam
902 1533 1044 1612 ejusmodi

138 1611 223 1671 libris
243 1611 276 1670 in
300 1611 495 1673 Christianam
515 1612 728 1690 rempublicam
741 1612 861 1684 labem,
886 1631 931 1671 ao.
944 1614 1046 1692 perni-

138 1689 214 1748 ciem
234 1689 360 1765 inicrri3
399 1708 472 1749 uum
490 1688 615 1749 incautis
634 1689 792 1749 lectoribus
809 1706 922 1750 venena
944 1690 1046 1770 propi-

138 1776 230 1839 nent,
243 1767 326 1827 nullo
349 1708 479 1827 exlribito
491 1810 500 1839 ,
514 1768 562 1827 vel
587 1775 691 1844 parato
703 1811 718 1852 ,·
733 1786 792 1845 quo
805 1777 1022 1844 praeserventur
1035 1813 1044 1841 ,

139 1844 283 1906 antidoto.
305 1842 534 1904 subtilissimum
561 1842 618 1904 boc
643 1843 780 1902 bumana
801 1845 920 1903 malitiae
941 1846 1046 1904 inven-

139 1929 227 1994 tum,
252 1941 286 1982 ac
317 1940 429 1982 novum
455 1921 632 1980 seductionis
650 1937 761 1998 genus,
786 1937 845 1994 quo
866 1921 1046 1997 simplicium

139 2008 253 2058 mentes
278 1999 361 2057 facilc
381 1998 589 2075 implicantur,
612 2014 701 2073 quam
723 1995 946 2073 diligentissime
958 1997 1045 2059 Revi-

140 2093 219 2135 sores
233 2075 405 2144 advertant,
427 2092 460 2132 ac
478 2091 609 2132 censurae
630 2070 806 2150 subjiciant3
826 2080 860 2132 ut
873 2072 919 2132 vel
942 2071 1045 2153 bujus-

140 2150 221 2211 modi
242 2151 312 2209 libri
329 2194 338 2222 ,
358 2149 381 2209 si
411 2151 508 2226 aliqua
539 2167 575 2208 cx
603 2149 673 2226 ipsis
705 2151 768 2240 capi
796 2149 885 2228 possit
910 2152 1043 2224 utilitas,

141 2227 356 2298 emendentur,
379 2227 427 2286 vel
440 2227 472 2286 iu
498 2226 659 2286 vetitorum
683 2228 812 2287 iudicem
831 2228 952 2288 omnino
969 2231 1044 2290 reie-

140 2314 258 2366 rantur.

178 2418 195 2500 §
214 2419 264 2479 22.
276 2419 311 2477 lu
330 2437 383 2491 ea,
406 2437 495 2498 quam
515 2419 651 2498 superius
668 2418 872 2490 laudavimus,
887 2420 1044 2498 praedeces·

141 2497 214 2557 soris
234 2497 326 2555 nostri
345 2496 503 2558 Clementis
527 2499 613 2576 Papae
638 2497 727 2568 Vlll,
748 2497 966 2569 instructione,
984 2499 1043 2558 Tit.

140 2572 176 2634 de
201 2579 318 2634 correct.
339 2570 390 2635 lib.
404 2572 420 2654 S
433 2575 462 2634 2.
484 2574 695 2654 sapientissime
717 2583 835 2634 cautum
860 2574 986 2652 legitur,
1012 2585 1046 2636 ut

141 2668 207 2734 poca
218 2648 308 2730 fomae
313 2652 518 2732 proximorum
525 2696 534 2727 ,
547 2659 574 2711 et
612 2651 753 2711 roeoartiot
765 2646 1044 2726 ceclesiasticorum,

140 2736 170 2787 ct
185 2728 289 2788 Princi
309 2746 361 2786 uin
392 2725 569 2804 debebunt,
652 2728 732 2808 ioque
752 2726 899 2801 moribus,
914 2736 944 2787 et
961 2727 1046 2788 ctri-

141 2806 247 2866 stiooae
298 2772 439 2885 iacipliaoe
474 2812 544 2864 suot
568 2806 738 2878 contrario,
765 2811 984 2885 expompantatr.
1009 2806 1046 2864 Et

142 2885 229 2961 paulo
242 2891 329 2962 post:
347 2879 460 2964 facetia
476 2881 585 2955 ctiam,
600 2889 654 2939 out
668 2878 807 2955 dicterio,
821 2881 854 2941 in
918 2881 1043 2958 niciam,

142 2969 197 3019 aut
214 2958 421 3044 prejudicium
430 2955 540 3039 famu,
562 2966 590 3016 et
600 2957 827 3018 existimationis
846 2957 975 3018 ciorum
992 2958 1046 3040 jc·

142 3043 229 3112 clato,
244 3036 445 3120 repudientur.
458 3036 576 3095 Utinam
590 3034 706 3094 veroin
719 3044 878 3113 aspectum,
893 3034 1047 3116 lucemque

143 3109 297 3175 bominum
315 3115 383 3176 libri
400 3111 543 3192 ejusmodi
557 3113 588 3171 in
606 3111 660 3170 bac
677 3121 845 3250 temporum
858 3112 992 3187 licentia,
1017 3124 1048 3174 et

144 3189 286 3265 pravitate
299 3191 559 3262 nonefferrentur,
573 3190 721 3269 inquibus
754 3191 904 3251 issidcntes
916 3200 1047 3251 auctores

144 3265 255 3324 mutuis
279 3285 310 3326 se
328 3267 434 3404 jurgiis
446 3313 454 3340 ,
468 3269 665 3346 conviciisque
698 3269 899 3328 rosoindnnt:
921 3267 1047 3328 aliorum

144 3341 296 3418 opiniones
312 3361 375 3402 nou
397 3363 449 3408 um
471 3345 509 3404 ab
525 3346 649 3406 Ecclesia
682 3353 814 3404 amnutas
836 3361 957 3404 censura
978 3363 1048 3422 pcr-

143 3417 310 3552 strinpunn
332 3420 532 3492 adversarios,
548 3439 713 3498 corumque
741 3420 873 3491 scholas,
898 3439 932 3478 ac
955 3431 1047 3482 ooetus

231 3504 300 3568 ant,
327 3504 356 3556 et
379 3514 434 3573 pro
462 3492 594 3558 ridiculis
613 3497 747 3568 ducunt,
770 3514 876 3575 magno
908 3498 1045 3576 equidem
