2384 3942
458 0 644 90 reus‘J
669 17 965 95 quomodo
991 18 1066 76 sit
1090 17 1390 77 exuendus
1429 29 1598 80 vetus
1635 58 1639 61 -

463 95 646 156 homo
671 139 689 167 ‚
730 94 1177 172 induendusque
1240 113 1429 155 novus
1446 142 1466 171 ,
1524 115 1596 157 ex

461 173 806 233 Germanico
841 172 1150 231 translatus
1187 173 1383 233 studio
1420 177 1596 234 Joan-

461 253 555 311 nis
588 247 920 329 Theophili.

1839 315 2042 393 (Decr.
2086 321 2159 380 16

379 397 457 406 -—
479 361 642 422 Idem
674 357 846 420 aliter
880 382 902 419 .-
936 359 1254 440 Theologia
1289 363 1523 441 Mystica
1559 383 1590 422 a
1665 368 1669 372 '
1756 393 1955 453 Martii
1996 398 2143 458 1524
2177 395 2198 475 )

504 441 562 499 io
602 438 855 516 quodam
904 438 1142 497 Ordinis
1203 442 1592 500 Dominorum
2159 441 2172 456 ’

509 516 913 574 eutonicorum
959 515 1294 586 Sacerdote,
1331 518 1593 578 ducentis

458 593 689 653 circiter
747 592 821 650 ab
870 590 1011 652 hine
1050 595 1217 652 annis
1250 595 1590 673 Germanice

455 669 780 746 conscripta
804 713 821 738 ‚
855 677 916 729 et
950 689 983 728 a
1022 674 1247 730 Joanne
1270 669 1588 751 Theophilo

453 748 518 806 in
553 747 828 805 Latinum
875 747 1172 807 translata.

375 855 686 935 Theologia
733 858 979 936 supplex
1031 877 1229 918 coram
1266 861 1565 922 Clemente
1603 853 1721 926 x11'
1742 915 1759 942 ‚
1800 873 1979 934 Pont.
2032 879 2180 938 Max,

452 933 834 994 Clementinae
865 936 1307 995 constitut-ionis
1328 982 1343 1006 ‚
1407 939 1752 1020 Un-aeyenitus
1794 951 1913 1010 Dei
1946 950 2142 1016 Filius
2159 1002 2177 1031 ,

449 1011 898 1089 explicationem
935 1021 1111 1089 atque
1151 1013 1599 1093 intelligentiam
1638 1023 1921 1087 submisse
1949 1049 2177 1109 rogans,

451 1089 641 1167 (Decr.
670 1090 745 1147 14
763 1090 1022 1148 lanuarii
1050 1089 1250 1168 1757.)

374 1173 602 1234 Theolo
643 1174 698 1232 ie
728 1173 827 1251 (la)
849 1175 1065 1233 Morale
1101 1175 1202 1234 des
1221 1173 1469 1236 Jesuites
1486 1224 1502 1252 ‚
1530 1190 1589 1243 et
1613 1201 1921 1248 nouveaux
1959 1193 2179 1254 Casuis-

449 1262 558 1312 ιω.
588 1253 609 1329 (
664 1269 782 1310 ecr.
816 1252 893 1308 10
916 1251 1133 1329 Aprilis
1159 1253 1358 1332 1666.)

371 1336 803 1415 'theologorum
827 1336 1178 1416 (Tredeeim)
1213 1339 1285 1398 ad
1311 1343 1722 1408 examinandas
1749 1352 1893 1427 quin
1938 1373 2013 1414 ue
2039 1357 2179 1418 Pro·-

447 1415 768 1494 positiones
820 1412 894 1471 ab
943 1417 1287 1477 Innocentio
1306 1419 1383 1476 'X
1439 1421 1788 1486 selectorum
1827 1447 1893 1488 su
1944 1434 2104 1511 ragia
2160 1454 2173 1490 ε

447 1510 587 1560 seu,
632 1499 698 1550 ut
746 1490 1046 1569 appellant
1070 1537 1086 1564 ‚
1151 1496 1301 1553 Vota
1336 1499 1579 1558 Summo
1642 1504 1914 1567 Pontifici
1960 1511 2173 1590 scripto

447 1569 684 1628 tradita.
717 1569 914 1643 (Decr.
946 1571 981 1628 6
1010 1572 1371 1650 Septembris
1392 1576 1587 1655 1657.)

367 1651 753 1731 Theophilus.
790 1653 1063 1714 Defensio
1093 1674 1202 1734 pro
1227 1658 1534 1720 Valeriano
1557 1665 1765 1744 Magno
1784 1711 1801 1738 ‚
1833 1668 1897 1727 in
1935 1689 2051 1747 qua
2076 1692 2171 1731 ex—

443 1730 691 1810 ponitur
729 1731 997 1790 Ecclesiae
1037 1734 1641 1800 Romano-Catholicae
1688 1746 2027 1808 'scandalum
2054 1794 2070 1822 ‚
2114 1750 2170 1810 id

443 1815 531 1866 est
586 1807 941 1896 Joeuitarum
991 1806 1228 1870 haeresis
1249 1856 1265 1883 ‚
1305 1831 1406 1872 scu
1455 1815 1793 1880 atheismuS.
1850 1823 2046 1903 (Decr.
2099 1829 2168 1887 17

440 1883 790 1943 Novembris
825 1885 1028 1964 1664.)

363 1965 594 2027 Thesan
620 1966 700 2025 du
732 1969 902 2026 Puiol
957 1972 1319 2046 (Franciscus
1368 1977 1599 2038 Gabriel
1625 1980 1745 2060 de).
1800 1985 2058 2063 Epistola
2096 1990 2165 2050 ad

441 2044 543 2101 SS.
572 2045 646 2101 D.
686 2045 1100 2104 Innocentium
1141 2049 1260 2120 XI,
1292 2051 1461 2132 cujus
1498 2058 1739 2119 initium
1769 2085 1789 2120 .-
1812 2065 1946 2124 Non
1995 2067 2165 2127 dubi-

437 2128 568 2180 tans
601 2121 748 2197 quin
765 2164 783 2193 ,
807 2129 922 2179 etc.
949 2123 1140 2199 (Decr.
1164 2125 1241 2183 27
1266 2127 1485 2206 Aprilis
1512 2134 1655 2195 1701
1670 2137 1712 2216 .)

362 2196 691 2259 Thesaurus
735 2215 1031 2259 sacrarum
1080 2220 1326 2279 precum
1343 2251 1359 2278 ‚
1409 2208 1531 2270 sive
1581 2213 1823 2276 Litaniae
1867 2221 2047 2281 variae
2092 2223 2159 2281 ad

434 2279 628 2336 Deum
653 2277 922 2352 Patrem,
949 2279 1022 2338 ad
1064 2281 1257 2340 Deum
1297 2284 1535 2359 Filium,
1553 2289 1625 2348 ad
1642 2294 1833 2353 Deum
1876 2297 2161 2375 Spiritum

433 2355 714 2412 Sanctum
731 2397 747 2425 ‚
776 2354 848 2412 ad
871 2356 935 2414 B.
968 2357 1298 2436 Virginem,
1322 2363 1395 2422 ad
1428 2365 1665 2428 Sanctos
1690 2371 1940 2450 Angelos
1963 2419 1980 2446 ,
2013 2385 2072 2435 et
2093 2377 2161 2437 ad

435 2431 638 2508 plures
658 2431 897 2490 Sanctos
914 2442 972 2492 et
1003 2435 1238 2496 Sanctas
1263 2441 1394 2499 Dei.
1418 2443 1605 2519 (Decr.
1642 2447 1677 2504 7
1698 2448 1942 2528 Augusti
1965 2453 2162 2533 1605.)

359 2512 696 2574 Thesaurus
722 2513 1498 2603 Theologico-Philologicus
1518 2572 1535 2599 ‚
1555 2530 1675 2590 sive
1702 2533 1924 2612 sylloge
1945 2538 2163 2599 Disser-

432 2592 723 2682 tationum
764 2593 1188 2672 elegantiorum
1237 2602 1309 2660 ad
1356 2603 1655 2674 selectiora
1680 2654 1696 2681 ‚
1739 2619 1796 2669 et
1835 2613 2158 2676 illustriora

428 2669 658 2729 Veteris
685 2678 743 2728 et
775 2673 912 2730 novi
945 2674 1301 2738 Testamenti
1340 2680 1465 2740 loca
1500 2702 1530 2740 a
1577 2684 1881 2766 Theologis
1924 2692 2159 2754 Protes—

423 2747 685 2807 tantibus
707 2750 1191 2828 conscriptarum.
1215 2755 1410 2834 (Decr.
1434 2760 1471 2818 4
1494 2762 1688 2823 Martii
1723 2766 1922 2846 1709.)

346 2829 681 2890 Thesaurus
709 2851 896 2893 novus
919 2834 1693 2925 Theologico·Philologicus
1713 2895 1729 2924 ,
1778 2854 1900 2912 sive
1934 2857 2158 2938 sylloge

423 2909 918 2970 Dissertationum
979 2919 1407 2994 exegeticarum
1471 2924 1543 2983 ad
1598 2927 1894 2989 selectiora
1922 2976 1938 3003 ‚
1980 2944 2157 3013 atque

423 2986 746 3076 insigniora
774 2990 1006 3049 Veteris
1043 3002 1100 3052 et
1127 2997 1265 3055 novi
1287 2998 1668 3063 Instrumenti
1696 3005 1819 3066 loca
1838 3052 1854 3079 ‚
1904 3028 1937 3068 a
1960 3010 2157 3075 Theo-

423 3063 571 3152 logis
603 3063 1066 3152 lJrotestantibus
1106 3074 1423 3135 maximam
1514 3089 1701 3141 artem
1736 3083 1801 3143 in
1840 3086 2151 3150 Germania

419 3139 665 3200 diversis
692 3144 1055 3220 temporibus
1077 3153 1388 3227 separatim
1435 3173 1467 3215 e
1512 3157 1724 3221 itarum
1753 3204 1770 3235 ,
1813 3180 1883 3222 ex
1932 3167 2150 3228 Musaeo
