2384 3942
184 190 235 234 vul
472 190 625 232 estnottco
645 190 771 232 ttcrom.

185 293 297 371 Quibus
313 293 428 376 quidem
446 292 530 355 rebus
547 293 682 356 omnibus
692 314 760 356 cum
777 293 919 377 majorem
938 305 966 357 et
977 294 1079 373 lucem,

182 378 282 439 eloim
302 379 409 460 offerat
427 377 646 459 sapientissimi
665 378 820 460 Pontificio
836 379 987 443 Benedicti
1004 384 1085 445 XIV

185 464 357 538 Constitutio
368 463 528 545 incipiens.-
541 463 670 524 Sollicita
682 509 689 536 ,
704 484 736 523 ae
749 464 871 543 provida
884 509 892 537 ,
905 484 970 526 eam
978 466 1084 530 idcirco

182 547 402 632 odjnnqendom
426 550 610 631 putavimus.
634 549 815 633 Subjecimus
839 548 940 612 deinde
961 555 1085 615 Decreta

183 636 319 717 quadam
341 631 510 717 qenerolia,
526 653 584 717 qno
606 645 635 698 et
658 637 796 700 brevitati
822 635 933 698 Indicis
954 639 1086 700 consule-

184 739 299 795 remus,
313 728 342 780 et
363 719 574 782 dubitationem
595 742 711 784 omnem
733 719 908 798 toleremus,
923 724 951 784 si
971 742 1032 805 qua
1049 724 1085 785 de

184 809 268 870 certis
287 803 462 888 quibusdam
473 809 571 871 Libris
593 810 723 873 suboriri
729 819 847 893 posset,
862 811 915 890 qni
934 811 968 872 in
986 808 1086 871 Indice

184 893 361 954 nominatim
377 892 515 977 descripti
531 915 592 956 non
612 905 715 957 essent.

222 998 362 1060 Auctores
376 1008 473 1062 autem
482 1001 582 1083 ipsos,
597 1021 724 1084 quorum
736 1001 877 1078 nomina,
894 1021 928 1063 ac
940 1001 1085 1083 roqnomi·

184 1104 226 1146 na
238 1129 247 1160 ,
261 1103 372 1167 moqna
385 1085 516 1149 adbibita
528 1085 681 1170 diliqentia
691 1107 840 1169 qumana
853 1089 983 1149 Lectioni
1000 1087 1085 1148 resti-

185 1171 294 1231 luimus
302 1216 311 1246 ,
325 1168 585 1253 indlpbabeticnm
596 1172 728 1234 ordinem
735 1173 913 1255 redeqimus,
928 1172 1084 1255 majorem-

184 1273 240 1336 que
252 1255 285 1315 in
298 1257 335 1317 iis
348 1254 503 1338 offerendis
516 1258 660 1320 rationem
679 1257 836 1320 babuimus
859 1259 1082 1338 coqnoniinnm,

184 1359 276 1422 quum
288 1343 460 1418 norninum,
479 1343 557 1425 qnod
574 1343 634 1404 bac
655 1340 716 1403 illis
726 1345 826 1404 minus
839 1350 910 1403 nota
931 1359 989 1402 esse
1005 1339 1085 1401 uide-
1180 1354 1186 1368 ·

185 1428 502 1508 antur.Coqnominnm
516 1437 612 1489 tanuen
624 1427 684 1490 loco
699 1427 855 1491 kainiani
868 1445 981 1509 quoqne
992 1426 1085 1486 simu

184 1509 247 1572 lata
259 1512 450 1594 coquomina,
474 1513 579 1595 quibus
595 1513 794 1596 Pseudonymi
817 1511 1006 1588 delitescunt,
1023 1519 1086 1571 tum
1187 1578 1188 1587 q

186 1592 494 1678 aliquandoPatriam
504 1645 514 1675 ,
529 1600 684 1660 autetiam
696 1601 816 1661 Sanctae
829 1601 907 1682 ipsos
920 1643 929 1675 ,
944 1616 1017 1679 qnos
1029 1595 1087 1658 sibi
1177 1621 1182 1634 ·

184 1681 323 1746 nonnulli
335 1695 485 1766 tamqnam
504 1685 676 1768 coqnomina
687 1693 852 1747 assumunt.

229 1789 330 1852 Tbeses
355 1799 442 1873 atque
462 1790 674 1874 disputationes
695 1811 756 1854 non
775 1789 1013 1871 Discipulorum,
1036 1788 1086 1852 sed

185 1878 399 1960 Muqistrorum
406 1924 416 1954 ,
430 1886 484 1938 ant
493 1877 722 1938 Prasidentium
735 1879 869 1950 nomine,
885 1879 938 1955 qni
953 1873 1085 1956 plerum-

185 1981 241 2044 que
253 1981 356 2023 earum
367 1963 503 2022 ductores
516 1980 573 2021 esse
590 1958 701 2036 solent,
710 1959 923 2040 disposuimus,
940 1960 1000 2020 nisi
1009 1957 1086 2038 forte

186 2047 271 2127 quis,
287 2045 332 2107 uel
353 2065 440 2107 suum
452 2047 554 2120 unice,
569 2064 630 2105 non
647 2045 789 2125 Moqistri
811 2064 915 2106 nomen
931 2042 1081 2121 attulerit,
1186 2090 1187 2097 κ

184 2127 230 2189 uel
248 2131 309 2211 ipse
322 2131 439 2213 quidem
457 2127 623 2190 earumdem
646 2129 783 2191 Tbesium
795 2131 964 2192 verissimus
976 2130 1084 2190 Auctor

184 2214 300 2280 babitus
315 2220 365 2280 sit.

223 2325 307 2389 libri
326 2325 471 2388 aduobus
495 2324 660 2386 auctoribus
681 2325 837 2407 conscripti
862 2324 925 2407 ejus
948 2323 1082 2383 Auctoris

186 2414 357 2493 coqnomina
376 2409 565 2490 referuntur,
592 2409 645 2491 qui
665 2413 782 2492 primus
805 2409 907 2472 ordine
927 2409 1080 2490 reperitur.

188 2497 247 2572 Qui
258 2515 323 2558 uero
334 2496 417 2560 Lt'bri
429 2517 448 2556 a
457 2493 594 2578 pluribus
612 2497 762 2576 compositi
778 2505 866 2571 sunt,
876 2494 944 2576 jam
956 2512 1017 2554 nou
1028 2512 1082 2552 au-

185 2590 297 2644 ctorum
309 2581 525 2665 coqnnminibns
532 2627 542 2657 ,
555 2579 606 2642 sed
617 2581 690 2664 ipsis
698 2582 761 2643 suis
777 2578 869 2642 titulis
879 2579 1080 2661 desiqnantur.
1183 2658 1184 2667 ἵ

223 2687 337 2749 Eadem
359 2690 471 2750 ratione
483 2689 651 2768 ononymos
669 2685 788 2763 Libros,
818 2683 965 2767 alphabeti
982 2682 1083 2744 ordine

186 2783 313 2851 retento,
330 2775 525 2835 recensuimus
533 2797 544 2849 ,·
558 2791 629 2855 qnos
640 2774 718 2834 inter
735 2772 841 2854 siquis
855 2769 957 2832 Libros
969 2767 1083 2850 aliquos

185 2868 394 2921 annumeratos
414 2855 625 2940 deprehendat,
640 2858 692 2939 qui
704 2865 793 2918 certos
806 2857 944 2916 Auctoris
956 2853 1080 2928 babent,

188 2965 239 3010 nea
252 2965 386 3030 unquam
408 2943 558 3025 Areonymi
573 2941 644 3004 editi
659 2950 747 3019 sunt,
761 2940 793 3002 id
809 2949 838 3002 et
853 2942 887 3001 in
897 2938 1083 3023 precedenti-

188 3031 241 3092 bus
253 3030 422 3108 Indicibus,
437 3031 509 3092 etin
521 3028 573 3091 boo
595 3038 694 3091 nostro
712 3047 773 3090 non
788 3029 851 3090 sinc
867 3046 958 3089 causa
971 3024 1083 3110 [actum

187 3133 245 3176 esse
263 3116 417 3202 intelliqat.

230 3231 342 3295 Titulos
354 3233 599 3311 aerodibrorum,
613 3251 685 3317 quos
692 3233 805 3315 pariter
816 3228 1009 3293 emendandos
1017 3244 1081 3287 sus·

186 3320 333 3402 cepimus,
361 3319 459 3382 eadem
483 3320 700 3404 Ortboqrapbia
724 3317 879 3399 descriptos
905 3306 1077 3384 attulimus,
1179 3358 1180 3387 3

186 3423 277 3488 quam
286 3406 422 3465 Ausones
439 3407 499 3487 ipsi
521 3405 726 3467 adbibuerunt.
746 3406 789 3463 Et
803 3399 950 3482 aliquibus
965 3392 1080 3476 quidem

186 3491 282 3552 libris
296 3487 389 3550 locum
401 3499 429 3550 et
445 3497 555 3571 tempus
572 3489 706 3552 editionis
726 3485 893 3548 addidimus
916 3490 975 3542 tum
997 3477 1079 3539 lecto·
1178 3550 1179 3553 Ἴ
