2384 3942
182 338 220 380 ne
261 319 360 381 esatis
374 319 438 380 usui
453 317 684 380 accommodatos
695 316 836 396 prodiisse
850 338 857 376 ε
893 327 1081 398 uaproptere

182 416 223 477 pu
244 397 297 456 lica
308 399 434 458 utilitate
445 395 508 456 fore
518 395 615 456 visum
624 403 685 467 est,
699 395 724 454 si
737 413 831 456 novus
841 338 932 455 ludex
944 396 1083 458 methodo

120 537 122 544 ,
182 475 296 554 aptiore
308 474 455 565 digestus,
469 481 556 551 atque
572 491 588 532 a
610 472 741 545 mandis,
757 473 918 551 erratisque
927 475 1084 552 pluribus,

204 572 249 612 uae
261 554 292 612 in
311 569 424 631 priores
444 551 642 629 irrepserant,
666 550 836 611 emendatus
854 560 1084 613 construeretur.

180 571 256 690 bem
276 627 351 688 hane
378 628 460 687 omui
483 629 586 707 procul
611 628 701 688 dubio
720 628 850 700 laboris,
872 637 902 688 et
927 628 1086 706 diligentiae

182 709 299 786 plenam
313 704 453 783 jamtum
470 706 569 765 animo
584 723 889 784 praeconceperamus,
910 723 978 764 cum
996 716 1087 766 certas

183 783 306 861 Regulus
327 783 360 841 in
380 783 535 856 examine,
563 791 592 842 et
613 783 828 862 'proscriptione
852 783 1009 843 librorum
1025 801 1087 843 ser-

182 860 290 919 vandas
302 859 476 920 tradidimus
489 861 520 920 in
533 861 747 920 Constitutione
757 870 874 932 nostra,
888 879 954 937 quae
969 860 1085 938 incipit:

182 933 315 996 Sollicito
322 979 332 1012 ,
347 956 381 996 oc
391 935 536 1019 provide,
549 957 590 997 vu
602 938 647 997 ld.
662 937 723 996 lul.
735 938 820 998 Anno
838 939 985 996 lucarnat.
998 939 1086 995 Dom.

183 1031 325 1087 uocetur,
340 1013 528 1075 Pontificatus
536 1015 630 1074 nostri
643 1015 729 1074 Anno
739 1016 809 1074 Xlll
823 1013 900 1074 data.
914 1012 1086 1090 Huiusmodi

182 1090 307 1150 subinde
327 1093 477 1170 negotium
496 1099 611 1150 mature
628 1090 691 1168 jam
709 1091 871 1150 discussum
888 1094 964 1151 Ven.
978 1092 1088 1149 Fratri-

183 1167 238 1227 bus
258 1169 366 1228 nostris
381 1169 411 1228 S.
427 1171 463 1228 R.
476 1171 510 1228 Ε.
525 1168 727 1228 cardinalibus
747 1168 969 1246 congregationi
982 1167 1088 1228 lndieis

184 1245 341 1305 Librorum
353 1244 573 1325 prohibitorum
583 1245 746 1325 praepositis
758 1245 960 1324 dirigendum,
969 1262 1089 1322 promo-

183 1324 373 1402 vendumque
386 1325 604 1398 commisimus,
621 1324 671 1402 qui
684 1339 738 1413 pro
752 1320 877 1399 injuncti
889 1322 944 1382 sibi
957 1322 1089 1382 muneris

183 1402 299 1460 ratione
312 1446 320 1474 ,
331 1402 413 1473 zelo,
429 1420 462 1460 ac
474 1401 613 1474 solertia,
632 1398 770 1460 adhibitis
788 1401 877 1460 etiam
894 1400 926 1458 in
944 1400 1090 1459 consulta-

184 1479 297 1538 tionem
318 1487 348 1538 et
368 1495 441 1557 opus
456 1478 566 1550 doctis,
590 1497 624 1537 ae
649 1476 837 1557 diligentibus
862 1477 961 1548 Viris,
991 1477 1089 1536 omnia

183 1574 239 1646 pro
259 1555 335 1615 votis
360 1555 481 1628 sedulo,
503 1564 693 1633 accurateque
705 1554 901 1634 perfecerunt.
915 1554 1090 1614 Absolutum

183 1641 224 1692 rta
246 1651 284 1692 ue
292 1631 376 1709 juxta
387 1642 518 1693 mentem
532 1642 664 1693 nostram
682 1632 834 1692 laudatum
847 1630 992 1704 lndicem,
1006 1640 1037 1691 et
1054 1632 1091 1692 ab

184 1710 206 1769 ii
241 1728 289 1769 em
299 1710 502 1770 cardinalibus
517 1711 667 1783 revisum,
690 1718 778 1787 atque
798 1709 983 1789 recognitum
1001 1710 1092 1788 Typis

185 1788 315 1847 Gamerae
343 1798 450 1847 nostrae
475 1787 649 1866 Apostolicae
667 1786 714 1846 edi
743 1787 912 1858 voluimus,
936 1787 1092 1877 ipsumque

185 1865 378 2000 praesentibus
392 1865 508 1925 litteris
525 1866 633 1925 nostris
653 1872 793 1941 tanquam
802 1882 936 1942 expresse
948 1873 1091 1923 insertum

207 1943 347 2016 abentes,
363 1943 536 2002 auctoritate
550 1942 714 2020 Apostolica
726 1949 828 2001 tenore
859 1941 1028 1999 ressontium
1039 1958 1092 2019 ap-

186 2021 366 2098 probamus,
394 2027 424 2077 et
449 2017 678 2091 confirmamus,
707 2025 795 2094 atque
821 1960 858 2078 ab
883 2016 1039 2088 omnibus,
1063 2027 1093 2078 et

185 2096 307 2174 singulis
353 2095 483 2166 arsonis,
511 2095 690 2174 ubicumque
717 2095 851 2156 locorum
881 2094 1091 2163 existentibus,

187 2114 400 2232 inviolabiliter
412 2216 420 2244 ,
434 2180 464 2232 et
476 2172 646 2232 inconcusse
666 2172 813 2233 observari
834 2173 1038 2251 precipimus,
1063 2181 1093 2231 et

187 2249 362 2309 mandamus
381 2249 436 2309 sub
461 2251 555 2327 poenis
570 2258 631 2309 tam
645 2250 677 2309 in
689 2250 939 2327 Regulislndicis,
958 2266 1047 2327 quam
1060 2250 1091 2308 in

188 2327 323 2398 Litteris,
339 2335 368 2386 et
388 2327 653 2388 constitutionibus
671 2326 843 2405 Apostolicis
861 2327 931 2388 alias
953 2327 1091 2396 statutis,

189 2411 219 2462 et
234 2404 387 2482 expressis,
412 2422 483 2483 quas
504 2413 605 2464 tenore
628 2405 797 2464 earumdem
816 2405 1005 2484 praesentium
1023 2421 1093 2462 con-

189 2480 364 2553 firmamus,
386 2490 416 2541 et
431 2499 619 2541 renovamus.
643 2484 709 2542 Non
725 2482 906 2542 obstantibus
921 2480 1093 2559 Apostolicis

189 2558 391 2637 generalibus,
414 2559 461 2618 vel
473 2559 646 2637 specialibus
658 2559 774 2619 Litteris
782 2605 791 2635 ,
807 2558 1071 2619 Constitutionibus
1085 2602 1093 2628 ,

190 2654 223 2694 ac
238 2636 388 2714 quibusvis
399 2637 532 2710 statutis,
553 2636 691 2707 decretis,
707 2637 826 2709 usibus,
847 2636 952 2714 stylis,
971 2644 1001 2694 et
1024 2653 1095 2694 con-

189 2713 392 2773 suetudinibus
422 2713 510 2772 etiam
540 2714 842 2784 immemorabilibus,
869 2714 1038 2790 eaeterisque
1062 2712 1094 2770 in

191 2790 373 2850 eontrarium
387 2790 558 2851 facientibus
572 2792 816 2870 quibuscumque.
830 2790 974 2849 Volumus
983 2797 1093 2860 autem,

189 2877 224 2928 ut
239 2868 408 2928 earumdem
426 2869 615 2946 praesentium
628 2870 805 2928 Litterarum
819 2866 1029 2944 transumptis,
1043 2884 1095 2925 seu

178 2945 332 3025 ‚exemplis
352 2947 441 3005 etiarn
464 2946 633 3023 impressiS,
655 2964 745 3005 manu
769 2942 891 3020 alicujus
906 2943 1017 3002 Notarii
1039 2963 1096 3022 pu-

191 3024 260 3084 blici
286 3023 477 3102 subscriptis,
503 3031 533 3081 et
552 3023 649 3101 sigillo
666 3023 780 3083 Praelati
806 3018 929 3097 alicujus
946 3020 979 3079 in
999 3021 1097 3100 digni-

191 3108 251 3160 tate
280 3101 468 3162 ecclesiastice
491 3102 641 3160 constituti
660 3099 819 3179 obsignatis
845 3099 947 3158 eadem
977 3118 1097 3177 prorsus

192 3176 264 3235 [ides
283 3175 444 3251 habeatur,
472 3197 537 3256 quae
557 3177 628 3257 ipsis
656 3177 848 3258 praesentibus
863 3173 1046 3244 haberetur,
1071 3175 1096 3233 si

193 3254 291 3313 forent
307 3253 464 3324 exhibitae,
487 3257 535 3316 vel
550 3265 682 3316 ostensae.
700 3258 808 3315 Datum
821 3256 921 3314 Romae
934 3252 1012 3330 apud
1025 3252 1098 3309 San-

195 3339 273 3390 ctam
286 3331 407 3390 lllariam
432 3331 573 3409 Majorem
595 3333 649 3393 sub
669 3334 779 3392 annulo
800 3331 952 3390 Piscatoris
964 3328 1012 3386 die
1024 3345 1096 3387 xxru

195 3407 335 3470 Decemb.
350 3408 551 3487 MDCCLVll,
574 3410 763 3472 Pontificatus
771 3410 870 3470 Nostri
888 3407 973 3466 duno
987 3406 1096 3464 XVlll.

709 3551 866 3633 Cojelanos
884 3547 1018 3608 Atratus.
