2384 3942
358 214 390 255 1,
1134 211 1376 252 m-:CRETA
1386 234 1401 249 .

429 305 486 362 7.
513 305 803 384 Imagines
822 348 838 375 ‚
865 304 968 364 ubi
997 310 1453 380 repraesentatur
1473 304 1540 361 B.
1558 303 1741 382 Virgo
1768 323 1905 365 cum
1929 307 2075 369 Filio
2102 309 2164 369 in

353 381 548 442 medio
585 382 842 443 duorum
867 383 1212 442 Sanctorum
1241 379 1544 440 societatis
1579 380 1717 440 Jesu
1735 424 1751 450 ‚
1782 401 2039 459 quorum
2060 386 2167 446 uni

355 459 536 520 tradit
575 461 796 521 librum
820 501 835 528 ‚
877 458 976 517 alii
1024 457 1335 515 Rosarium
1386 476 1521 517 cum
1567 455 1677 517 hac
1723 457 2106 539 inscriptione
2146 484 2163 522 z

351 537 618 618 Deipara
655 537 830 617 Viryo
864 553 998 594 cum
1035 530 1189 593 Filio
1223 534 1518 614 inspirat,
1562 533 2035 620 commendatque
2060 542 2169 601 So-

349 615 546 706 cietati
563 617 706 673 Jesu
728 611 1154 672 institutionem
1173 608 1569 675 Sodalitatum
1590 657 1610 688 ‚
1639 620 1698 673 et
1724 609 1952 692 Officii,
1981 618 2169 679 Rosa-

349 692 434 753 rti
470 709 542 751 ue
568 705 764 749 usum.

467 811 481 826 .
508 765 940 845 inscriptiones
979 783 1184 825 omnes
1216 767 1338 825 Ima
1381 767 1549 827 inum
1592 766 1693 827 SS.
1736 766 2024 828 Francisci
2048 814 2064 840 ‚
2106 780 2169 832 et

347 843 586 906 Antonii
604 842 700 935 ‘de
723 842 920 904 Padus
947 887 963 915 ‚
990 843 1054 901 in
1081 841 1298 920 quibus
1366 843 1543 904 icitur
1564 889 1580 916 ‚
1608 845 1862 938 {sormam
1888 843 2123 907 habitus
2147 893 2163 920 ‚

343 940 459 1058 32:1⁸
468 920 1089 1074 issegffiissssussssgriiis?
1100 921 1393 1071 ‚ffiffi‘ff
1412 922 2166 1060 cffssfifflzssszzzssftsssstss

345 1076 477 1135 cisci
495 1092 618 1136 esse
635 1093 835 1135 veram
858 1120 873 1148 ‚
892 1074 1216 1154 legitimam
1234 1119 1250 1148 ‚
1272 1083 1331 1135 et
1347 1095 1468 1136 non
1488 1078 1884 1154 interruptam
1902 1075 2164 1155 ejusdem

345 1154 405 1212 S.
430 1152 619 1212 Patris
643 1153 706 1212 in
733 1153 887 1213 filios
917 1153 1362 1213 successionem.

422 1230 480 1288 9.
511 1229 900 1309 Indulgentiae
926 1248 1130 1291 omnes
1162 1248 1445 1290 concessae
1484 1230 1714 1291 coronis
1743 1275 1759 1301 ‚
1786 1231 1983 1310 granis
2000 1272 2016 1304 ‚
2060 1249 2163 1292 seu

343 1306 579 1366 calculis
606 1351 622 1378 ‚
649 1308 919 1369 crucibus
941 1352 957 1379 ‚
985 1315 1044 1371 et
1073 1309 1427 1387 imaginibus
1472 1309 1649 1367 sacris
1686 1315 1825 1367 ante
1848 1311 2163 1369 Decretum

341 1385 658 1445 Clementis
703 1387 843 1446 VIII
892 1404 991 1445 an.
1022 1386 1173 1445 1597
1218 1386 1443 1444 editum
1486 1383 1557 1444 de
1601 1382 1804 1466 forma
1842 1382 2166 1469 Indulgen-

347 1461 595 1523 tiaram.

421 1540 571 1598 Item
596 1538 766 1599 Indul
806 1540 981 1600 entiae
1005 1556 1210 1600 omnes
1233 1555 1516 1599 concessae
1556 1539 2025 1631 quibuscumque
2050 1539 2166 1599 Re-

342 1616 639 1753 gularium
691 1617 774 1676 01·
818 1617 1014 1677 inibus
1042 1662 1058 1690 ‚
1117 1616 1705 1678 confraternitatlbus
1754 1617 2111 1677 secularibus
2142 1661 2160 1690 ‚

387 1694 625 1771 opitulis
646 1737 663 1762 .‚
685 1695 955 1774 collegiis
981 1739 998 1766 ‚
1021 1702 1124 1754 aut
1148 1713 1356 1754 eorum
1382 1695 1458 1753 Su
1504 1694 1796 1755 erioribus
1817 1737 1834 1767 ‚
1857 1702 1992 1754 ante
2009 1696 2161 1754 Con-

340 1770 706 1832 stitutionem
750 1771 1012 1849 ejusdem
1053 1772 1371 1832 Clementis
1401 1772 1454 1830 V
1487 1773 1540 1831 11
1591 1772 1983 1853 Quaecumque
2023 1769 2085 1830 d.
2123 1772 2158 1829 7

343 1848 622 1909 Decemb.
639 1851 793 1910 1604-
817 1894 832 1921 ,
863 1859 923 1910 et
945 1850 1109 1909 Pauli
1133 1852 1186 1910 V
1204 1852 1509 1910 Romanus
1523 1849 1707 1923 Ponti
1734 1867 1807 1908 ex
1833 1850 1896 1909 d.
1927 1848 2002 1906 15
2022 1848 2158 1908 Maii

346 1926 499 1988 1606
525 1971 541 2000 ,
571 1936 630 1987 et
657 1929 801 2003 Quae
833 1924 1148 1988 salubriter
1172 1926 1235 1985 d.
1263 1927 1339 1985 95
1374 1925 1663 1987 Novemb.
1726 1926 1842 1984 610
1876 1933 2162 1984 revocatae

342 2012 482 2063 sunt
507 2047 524 2074 ‚
551 2013 727 2081 atque
761 2001 1111 2082 apocryphae
1150 2000 1433 2060 habendae
1457 2043 1473 2072 ‚
1516 1999 1627 2059 nisi
1656 2001 1731 2061 ab
1762 2001 1972 2060 iisdem
1998 2019 2159 2061 sum-

343 2080 456 2138 mis
475 2080 856 2139 Pontificibus
879 2123 897 2151 ‚
929 2087 1030 2139 aut
1051 2096 1261 2138 eorum
1286 2076 1710 2137 suecessoribus
1733 2086 2029 2138 renovatae
2048 2121 2066 2153 ,
2093 2097 2161 2139 66

341 2156 703 2217 confirmatae
727 2156 968 2216 fuerint.

420 2234 518 2293 10.
551 2233 940 2311 Indulgentiae
965 2248 1251 2293 concessae
1274 2231 1505 2293 coronis
1531 2231 1592 2291 S.
1626 2231 1692 2292 Bi
1768 2233 1890 2292 ittae
1913 2231 1986 2291 ab
2020 2233 2157 2292 Ale-

338 2310 563 2371 xandro
591 2312 672 2370 VI
699 2354 715 2381 ‚
738 2310 1110 2371 declarantur
1137 2329 1170 2369 a
1216 2308 1491 2390 ocryphae
1512 2353 1528 2380 ‚
1556 2317 1615 2369 et
1637 2312 1741 2369 nul
1766 2312 1857 2369 ius
1883 2309 2113 2369 roboris
2136 2354 2153 2380 ‚

338 2408 403 2449 ac
444 2388 728 2447 momenti
759 2409 774 2446 z
806 2389 931 2448 sine
967 2387 1155 2466 praeju
1202 2389 1313 2449 icio
1348 2396 1544 2446 tamen
1573 2387 2081 2466 Indulgentiarum
2123 2406 2156 2446 6

339 2469 529 2527 Leone
555 2466 610 2523 X
637 2465 806 2524 dictis
829 2465 1058 2526 coronis
1084 2482 1489 2526 concessarum
1509 2483 1568 2524 vt
1596 2463 1683 2523 Id.
1718 2466 1748 2524 J
1757 2464 1838 2523 ul.
1872 2465 2047 2523 1515.

417 2544 514 2602 11.
547 2541 935 2621 Indulgentiae
963 2561 1246 2603 concessae
1290 2541 1561 2602 crucibus
1587 2541 1648 2600 S.
1679 2541 1910 2602 Turibii
1938 2541 2013 2600 ab
2042 2543 2154 2601 Ur-

336 2622 490 2682 bano
517 2621 655 2679 VIII
683 2664 699 2690 ‚
722 2629 1023 2698 tamquam
1045 2621 1205 2681 falsie
1235 2619 1518 2679 habendae
1543 2627 1702 2677 sunt.

415 2700 513 2758 12.
539 2695 1047 2788 Indulgentiarum
1071 2698 1211 2757 libri
1250 2715 1453 2757 omnes
1472 2740 1488 2768 ‚
1518 2695 1716 2754 Diaria
1736 2738 1752 2767 ‚
1779 2694 2109 2754 Summaria
2132 2739 2148 2766 ‚

336 2775 540 2835 Libelli
556 2818 574 2846 ‚
608 2774 767 2834 Folle
789 2818 805 2846 ‚
844 2783 982 2847 etc„
1013 2776 1075 2834 in
1100 2775 1316 2853 quibus
1340 2791 1544 2833 earum
1586 2773 1983 2832 concessiones
2008 2788 2152 2831 con-

336 2855 604 2915 tinentur
628 2896 645 2923 ‚
693 2871 812 2912 non
864 2852 1114 2911 edantur
1157 2852 1378 2929 absque
1427 2849 1662 2910 licentia
1709 2852 1770 2909 S.
1821 2851 2152 2928 Congrege-

336 2932 513 2993 tionis
552 2929 1077 3010 Indulgentiarum.

1155 3081 1188 3163 g
1229 3085 1331 3144 1v.

381 3238 663 3314 ancflem
704 3240 784 3302 ad
812 3242 986 3304 Ritus
1008 3241 1221 3303 Sacros
1244 3239 1571 3378 eptaeetantia
1589 3283 1609 3316 ,
1648 3254 1783 3320 quoe
1811 3235 2113 3318 prohibita

1156 3335 1275 3379 eun
1306 3360 1322 3376 .

409 3474 465 3530 1.
501 3469 934 3531 Benedictiones
961 3489 1165 3532 omnes
1191 3470 1599 3531 Ecclesiasticoe
1626 3514 1643 3544 ‚
1672 3467 1784 3529 nisi
1813 3454 2149 3546 a'pprobutoe

12 3517 545 3622 μῆ·
573 3570 605 3606 a
629 3565 785 3606 sacra
811 3548 1054 3611 Rituum
1079 3547 1559 3624 congregatione.
