<?xml version="1.0" encoding="UTF-8"?>
<!DOCTYPE html PUBLIC "-//W3C//DTD XHTML 1.0 Transitional//EN"
    "http://www.w3.org/TR/xhtml1/DTD/xhtml1-transitional.dtd">
<html xmlns="http://www.w3.org/1999/xhtml" xml:lang="en" lang="en">
 <head>
  <title>
</title>
<meta http-equiv="Content-Type" content="text/html;charset=utf-8" />
  <meta name='ocr-system' content='tesseract 3.04.00' />
  <meta name='ocr-capabilities' content='ocr_page ocr_carea ocr_par ocr_line ocrx_word'/>
</head>
<body>
  <div class='ocr_page' id='page_1' title='image "./indexlibrorumpr04unkngoog/indexlibrorumpr04unkngoog_0396.png"; bbox 0 0 2384 3942; ppageno 0'>
   <div class='ocr_carea' id='block_1_1' title="bbox 350 10 2178 556">
    <p class='ocr_par' dir='ltr' id='par_1_1' title="bbox 350 10 2090 92">
     <span class='ocr_line' id='line_1_1' title="bbox 350 10 2090 92; baseline -0.002 -20"><span class='ocrx_word' id='word_1_1' title='bbox 350 10 694 92; x_wconf 72' lang='lat' dir='ltr'><strong>Sagittarius</strong></span> <span class='ocrx_word' id='word_1_2' title='bbox 720 11 1017 90; x_wconf 70' lang='lat' dir='ltr'><strong>(loannes)</strong></span> <span class='ocrx_word' id='word_1_3' title='bbox 1038 12 1501 91; x_wconf 79' lang='lat' dir='ltr'><strong>Burdegalensis.</strong></span> <span class='ocrx_word' id='word_1_4' title='bbox 1527 10 1582 87; x_wconf 93' lang='lat'><strong>(1</strong></span> <span class='ocrx_word' id='word_1_5' title='bbox 1612 11 1855 73; x_wconf 91' lang='lat' dir='ltr'><strong>Cl.1nd.</strong></span> <span class='ocrx_word' id='word_1_6' title='bbox 1882 11 2090 85; x_wconf 87' lang='lat' dir='ltr'><strong>Trid.‘)</strong></span> 
     </span>
    </p>

    <p class='ocr_par' dir='ltr' id='par_1_2' title="bbox 354 90 2175 305">
     <span class='ocr_line' id='line_1_2' title="bbox 354 90 2174 169; baseline -0.001 -19"><span class='ocrx_word' id='word_1_7' title='bbox 354 90 696 169; x_wconf 78' lang='lat' dir='ltr'><strong>Sagittarius</strong></span> <span class='ocrx_word' id='word_1_8' title='bbox 736 90 1012 151; x_wconf 88' lang='lat' dir='ltr'><strong>Thomas.</strong></span> <span class='ocrx_word' id='word_1_9' title='bbox 1050 91 1362 169; x_wconf 87' lang='lat' dir='ltr'><strong>Epistolica</strong></span> <span class='ocrx_word' id='word_1_10' title='bbox 1397 90 1685 149; x_wconf 88' lang='lat' dir='ltr'><strong>institutio</strong></span> <span class='ocrx_word' id='word_1_11' title='bbox 1707 133 1722 159; x_wconf 89' lang='lat'>‚</span> <span class='ocrx_word' id='word_1_12' title='bbox 1768 107 1870 148; x_wconf 88' lang='lat' dir='ltr'><strong>seu</strong></span> <span class='ocrx_word' id='word_1_13' title='bbox 1909 90 1988 147; x_wconf 89' lang='grc'><strong>(16</strong></span> <span class='ocrx_word' id='word_1_14' title='bbox 2022 108 2174 149; x_wconf 88' lang='lat' dir='ltr'><strong>con-</strong></span> 
     </span>
     <span class='ocr_line' id='line_1_3' title="bbox 431 166 2175 305; baseline -0.001 -77"><span class='ocrx_word' id='word_1_15' title='bbox 431 168 754 305; x_wconf 51' lang='lat' dir='ltr'><strong>{ffiigendis</strong></span> <span class='ocrx_word' id='word_1_16' title='bbox 802 168 1072 248; x_wconf 90' lang='lat' dir='ltr'><strong>Epistolis</strong></span> <span class='ocrx_word' id='word_1_17' title='bbox 1115 169 1439 231; x_wconf 81' lang='lat' dir='ltr'><strong>Tractatus,</strong></span> <span class='ocrx_word' id='word_1_18' title='bbox 1483 166 1670 244; x_wconf 86' lang='lat' dir='ltr'><strong>(Decr.</strong></span> <span class='ocrx_word' id='word_1_19' title='bbox 1705 167 1782 225; x_wconf 79' lang='lat'><strong>22</strong></span> <span class='ocrx_word' id='word_1_20' title='bbox 1808 167 2175 227; x_wconf 88' lang='lat' dir='ltr'><strong>Novembris</strong></span> 
     </span>
    </p>

    <p class='ocr_par' dir='ltr' id='par_1_3' title="bbox 357 245 2178 556">
     <span class='ocr_line' id='line_1_4' title="bbox 357 245 2178 401; baseline -0.001 -20"><span class='ocrx_word' id='word_1_21' title='bbox 357 323 511 401; x_wconf 82' lang='lat' dir='ltr'><strong>Sagu</strong></span> <span class='ocrx_word' id='word_1_22' title='bbox 546 245 840 382; x_wconf 49' lang='lat' dir='ltr'><strong>Claudius,</strong></span> <span class='ocrx_word' id='word_1_23' title='bbox 882 321 1097 382; x_wconf 88' lang='lat' dir='ltr'><strong>Theses</strong></span> <span class='ocrx_word' id='word_1_24' title='bbox 1138 320 1504 401; x_wconf 82' lang='lat' dir='ltr'><strong>Theologicae</strong></span> <span class='ocrx_word' id='word_1_25' title='bbox 1542 321 1616 381; x_wconf 92' lang='lat' dir='ltr'><strong>de</strong></span> <span class='ocrx_word' id='word_1_26' title='bbox 1653 322 1897 401; x_wconf 89' lang='lat' dir='ltr'><strong>peccatis</strong></span> <span class='ocrx_word' id='word_1_27' title='bbox 1927 317 1988 381; x_wconf 86' lang='lat' dir='ltr'><strong>et</strong></span> <span class='ocrx_word' id='word_1_28' title='bbox 2034 338 2178 398; x_wconf 84' lang='lat' dir='ltr'><strong>gra-</strong></span> 
     </span>
     <span class='ocr_line' id='line_1_5' title="bbox 436 398 2177 478; baseline -0.001 -19"><span class='ocrx_word' id='word_1_29' title='bbox 436 402 518 459; x_wconf 90' lang='lat' dir='ltr'><strong>tia</strong></span> <span class='ocrx_word' id='word_1_30' title='bbox 543 445 559 470; x_wconf 87' lang='lat'>‚</span> <span class='ocrx_word' id='word_1_31' title='bbox 610 417 752 477; x_wconf 90' lang='lat' dir='ltr'><strong>quas</strong></span> <span class='ocrx_word' id='word_1_32' title='bbox 789 399 1050 460; x_wconf 83' lang='lat' dir='ltr'><strong>defendit</strong></span> <span class='ocrx_word' id='word_1_33' title='bbox 1088 400 1153 459; x_wconf 90' lang='lat' dir='ltr'><strong>in</strong></span> <span class='ocrx_word' id='word_1_34' title='bbox 1191 399 1508 478; x_wconf 81' lang='lat' dir='ltr'><strong>Theologia</strong></span> <span class='ocrx_word' id='word_1_35' title='bbox 1547 398 1912 458; x_wconf 91' lang='lat' dir='ltr'><strong>Rhedonensi</strong></span> <span class='ocrx_word' id='word_1_36' title='bbox 1969 399 2177 457; x_wconf 86' lang='lat' dir='ltr'><strong>Socie-</strong></span> 
     </span>
     <span class='ocr_line' id='line_1_6' title="bbox 436 475 2177 556; baseline -0.003 -18"><span class='ocrx_word' id='word_1_37' title='bbox 436 478 571 538; x_wconf 85' lang='lat' dir='ltr'><strong>tatis</strong></span> <span class='ocrx_word' id='word_1_38' title='bbox 604 479 739 537; x_wconf 82' lang='lat' dir='ltr'><strong>Jesu</strong></span> <span class='ocrx_word' id='word_1_39' title='bbox 763 520 779 549; x_wconf 89' lang='lat'>‚</span> <span class='ocrx_word' id='word_1_40' title='bbox 806 476 901 536; x_wconf 92' lang='lat' dir='ltr'><strong>die</strong></span> <span class='ocrx_word' id='word_1_41' title='bbox 924 479 997 537; x_wconf 98' lang='grc'><strong>16</strong></span> <span class='ocrx_word' id='word_1_42' title='bbox 1023 478 1270 555; x_wconf 80' lang='lat' dir='ltr'><strong>Augusti</strong></span> <span class='ocrx_word' id='word_1_43' title='bbox 1298 479 1469 538; x_wconf 79' lang='lat'><strong>1694.</strong></span> <span class='ocrx_word' id='word_1_44' title='bbox 1504 476 1694 556; x_wconf 88' lang='lat' dir='ltr'><strong>(Decr.</strong></span> <span class='ocrx_word' id='word_1_45' title='bbox 1731 477 1766 535; x_wconf 94' lang='grc'>7</span> <span class='ocrx_word' id='word_1_46' title='bbox 1802 475 2177 553; x_wconf 82' lang='lat' dir='ltr'><strong>Septembris</strong></span> 
     </span>
    </p>
   </div>
   <div class='ocr_carea' id='block_1_2' title="bbox 438 554 639 633">
    <p class='ocr_par' dir='ltr' id='par_1_4' title="bbox 438 554 639 633">
     <span class='ocr_line' id='line_1_7' title="bbox 438 554 639 633; baseline -0.015 -18"><span class='ocrx_word' id='word_1_47' title='bbox 438 554 639 633; x_wconf 79' lang='lat'>1695.)</span> 
     </span>
    </p>
   </div>
   <div class='ocr_carea' id='block_1_3' title="bbox 358 654 1580 1507">
    <p class='ocr_par' dir='ltr' id='par_1_5' title="bbox 358 654 1580 1334">
     <span class='ocr_line' id='line_1_8' title="bbox 358 654 1576 735; baseline -0.002 -20"><span class='ocrx_word' id='word_1_48' title='bbox 358 658 623 735; x_wconf 82' lang='lat' dir='ltr'><strong>Saguens</strong></span> <span class='ocrx_word' id='word_1_49' title='bbox 685 654 960 714; x_wconf 74' lang='lat' dir='ltr'><strong>loannes·</strong></span> <span class='ocrx_word' id='word_1_50' title='bbox 1032 655 1294 733; x_wconf 88' lang='lat' dir='ltr'><strong>Systema</strong></span> <span class='ocrx_word' id='word_1_51' title='bbox 1365 654 1576 714; x_wconf 79' lang='lat' dir='ltr'><strong>Gratiae</strong></span> 
     </span>
     <span class='ocr_line' id='line_1_9' title="bbox 439 729 1576 811; baseline -0.002 -19"><span class='ocrx_word' id='word_1_52' title='bbox 439 729 1310 811; x_wconf 84' lang='lat' dir='ltr'><strong>Philosophico-Theologicum</strong></span> <span class='ocrx_word' id='word_1_53' title='bbox 1330 775 1346 803; x_wconf 89' lang='lat'><strong><em>‚</em></strong></span> <span class='ocrx_word' id='word_1_54' title='bbox 1372 732 1436 790; x_wconf 92' lang='lat' dir='ltr'><strong>in</strong></span> <span class='ocrx_word' id='word_1_55' title='bbox 1458 749 1576 809; x_wconf 91' lang='lat' dir='ltr'><strong>quo</strong></span> 
     </span>
     <span class='ocr_line' id='line_1_10' title="bbox 436 809 1573 887; baseline -0.001 -18"><span class='ocrx_word' id='word_1_56' title='bbox 436 809 631 869; x_wconf 89' lang='lat' dir='ltr'><strong>omnis</strong></span> <span class='ocrx_word' id='word_1_57' title='bbox 669 826 809 867; x_wconf 88' lang='lat' dir='ltr'><strong>vera</strong></span> <span class='ocrx_word' id='word_1_58' title='bbox 850 810 1039 887; x_wconf 83' lang='lat' dir='ltr'><strong>gratia</strong></span> <span class='ocrx_word' id='word_1_59' title='bbox 1062 853 1077 880; x_wconf 83' lang='lat'>‚</span> <span class='ocrx_word' id='word_1_60' title='bbox 1123 818 1253 869; x_wconf 91' lang='lat' dir='ltr'><strong>tum</strong></span> <span class='ocrx_word' id='word_1_61' title='bbox 1298 811 1536 869; x_wconf 86' lang='lat' dir='ltr'><strong>actualis</strong></span> <span class='ocrx_word' id='word_1_62' title='bbox 1557 853 1573 881; x_wconf 90' lang='lat'>‚</span> 
     </span>
     <span class='ocr_line' id='line_1_11' title="bbox 435 884 1579 964; baseline -0.001 -18"><span class='ocrx_word' id='word_1_63' title='bbox 435 895 571 946; x_wconf 86' lang='lat' dir='ltr'><strong>tum</strong></span> <span class='ocrx_word' id='word_1_64' title='bbox 607 884 922 947; x_wconf 89' lang='lat' dir='ltr'><strong>habitualis</strong></span> <span class='ocrx_word' id='word_1_65' title='bbox 966 888 1336 964; x_wconf 87' lang='lat' dir='ltr'><strong>explanatur.</strong></span> <span class='ocrx_word' id='word_1_66' title='bbox 1377 891 1579 947; x_wconf 81' lang='lat' dir='ltr'><strong>Acces-</strong></span> 
     </span>
     <span class='ocr_line' id='line_1_12' title="bbox 434 964 1573 1042; baseline 0.001 -20"><span class='ocrx_word' id='word_1_67' title='bbox 434 964 511 1024; x_wconf 92' lang='lat' dir='ltr'><strong>sit</strong></span> <span class='ocrx_word' id='word_1_68' title='bbox 558 964 853 1042; x_wconf 83' lang='lat' dir='ltr'><strong>appendix</strong></span> <span class='ocrx_word' id='word_1_69' title='bbox 879 1010 894 1036; x_wconf 88' lang='lat'>‚</span> <span class='ocrx_word' id='word_1_70' title='bbox 954 964 1019 1024; x_wconf 89' lang='lat' dir='ltr'><strong>in</strong></span> <span class='ocrx_word' id='word_1_71' title='bbox 1067 983 1181 1042; x_wconf 88' lang='lat' dir='ltr'><strong>qua</strong></span> <span class='ocrx_word' id='word_1_72' title='bbox 1227 966 1573 1042; x_wconf 85' lang='lat' dir='ltr'><strong>exponitur,</strong></span> 
     </span>
     <span class='ocr_line' id='line_1_13' title="bbox 439 1040 1580 1122; baseline 0 -22"><span class='ocrx_word' id='word_1_73' title='bbox 439 1040 583 1119; x_wconf 91' lang='lat' dir='ltr'><strong>quid</strong></span> <span class='ocrx_word' id='word_1_74' title='bbox 622 1040 711 1100; x_wconf 90' lang='lat' dir='ltr'><strong>rei</strong></span> <span class='ocrx_word' id='word_1_75' title='bbox 753 1041 1009 1122; x_wconf 80' lang='lat' dir='ltr'><strong>physicae</strong></span> <span class='ocrx_word' id='word_1_76' title='bbox 1047 1044 1167 1101; x_wconf 90' lang='lat' dir='ltr'><strong>sint</strong></span> <span class='ocrx_word' id='word_1_77' title='bbox 1199 1043 1451 1102; x_wconf 85' lang='lat' dir='ltr'><strong>virtutes</strong></span> <span class='ocrx_word' id='word_1_78' title='bbox 1487 1044 1580 1101; x_wconf 90' lang='lat' dir='ltr'><strong>in-</strong></span> 
     </span>
     <span class='ocr_line' id='line_1_14' title="bbox 435 1118 1578 1209; baseline 0.001 -31"><span class='ocrx_word' id='word_1_79' title='bbox 435 1120 609 1190; x_wconf 83' lang='lat' dir='ltr'><strong>fusae,</strong></span> <span class='ocrx_word' id='word_1_80' title='bbox 642 1120 846 1197; x_wconf 82' lang='lat' dir='ltr'><strong>gratiae</strong></span> <span class='ocrx_word' id='word_1_81' title='bbox 890 1119 1068 1209; x_wconf 74' lang='lat' dir='ltr'><strong>gratis</strong></span> <span class='ocrx_word' id='word_1_82' title='bbox 1109 1118 1259 1177; x_wconf 84' lang='lat' dir='ltr'><strong>datae</strong></span> <span class='ocrx_word' id='word_1_83' title='bbox 1281 1162 1296 1190; x_wconf 85' lang='lat'>‚</span> <span class='ocrx_word' id='word_1_84' title='bbox 1353 1119 1578 1179; x_wconf 87' lang='lat' dir='ltr'><strong>fructus</strong></span> 
     </span>
     <span class='ocr_line' id='line_1_15' title="bbox 438 1194 1578 1275; baseline 0 -19"><span class='ocrx_word' id='word_1_85' title='bbox 438 1196 693 1275; x_wconf 86' lang='lat' dir='ltr'><strong>Spiritus</strong></span> <span class='ocrx_word' id='word_1_86' title='bbox 717 1198 911 1257; x_wconf 83' lang='lat' dir='ltr'><strong>Sanctl</strong></span> <span class='ocrx_word' id='word_1_87' title='bbox 934 1240 949 1268; x_wconf 88' lang='lat'><strong>,</strong></span> <span class='ocrx_word' id='word_1_88' title='bbox 980 1215 1045 1255; x_wconf 91' lang='lat' dir='ltr'><strong>ac</strong></span> <span class='ocrx_word' id='word_1_89' title='bbox 1082 1194 1448 1256; x_wconf 83' lang='lat' dir='ltr'><strong>characteres</strong></span> <span class='ocrx_word' id='word_1_90' title='bbox 1475 1199 1578 1256; x_wconf 91' lang='lat' dir='ltr'><strong>Sa-</strong></span> 
     </span>
     <span class='ocr_line' id='line_1_16' title="bbox 438 1274 840 1334; baseline -0.005 0"><span class='ocrx_word' id='word_1_91' title='bbox 438 1274 840 1334; x_wconf 84' lang='lat' dir='ltr'><strong>eramentales.</strong></span> 
     </span>
    </p>

    <p class='ocr_par' dir='ltr' id='par_1_6' title="bbox 359 1349 1574 1507">
     <span class='ocr_line' id='line_1_17' title="bbox 359 1349 1574 1430; baseline 0.001 -20"><span class='ocrx_word' id='word_1_92' title='bbox 359 1386 439 1396; x_wconf 83' lang='lat'><strong>—-</strong></span> <span class='ocrx_word' id='word_1_93' title='bbox 466 1351 837 1429; x_wconf 90' lang='lat' dir='ltr'><strong>Philosophia</strong></span> <span class='ocrx_word' id='word_1_94' title='bbox 871 1351 1163 1430; x_wconf 81' lang='lat' dir='ltr'><strong>Maignani</strong></span> <span class='ocrx_word' id='word_1_95' title='bbox 1186 1349 1533 1411; x_wconf 86' lang='lat' dir='ltr'><strong>Scholastica</strong></span> <span class='ocrx_word' id='word_1_96' title='bbox 1558 1395 1574 1424; x_wconf 84' lang='lat'>‚</span> 
     </span>
     <span class='ocr_line' id='line_1_18' title="bbox 437 1428 1357 1507; baseline -0.001 -19"><span class='ocrx_word' id='word_1_97' title='bbox 437 1429 502 1488; x_wconf 90' lang='lat' dir='ltr'><strong>in</strong></span> <span class='ocrx_word' id='word_1_98' title='bbox 534 1438 789 1507; x_wconf 90' lang='lat' dir='ltr'><strong>quatuor</strong></span> <span class='ocrx_word' id='word_1_99' title='bbox 805 1429 1125 1489; x_wconf 88' lang='lat' dir='ltr'><strong>Volumina</strong></span> <span class='ocrx_word' id='word_1_100' title='bbox 1149 1428 1357 1489; x_wconf 89' lang='lat' dir='ltr'><strong>divisa.</strong></span> 
     </span>
    </p>
   </div>
   <div class='ocr_carea' id='block_1_4' title="bbox 362 1527 2173 1687">
    <p class='ocr_par' dir='ltr' id='par_1_7' title="bbox 362 1527 2173 1687">
     <span class='ocr_line' id='line_1_19' title="bbox 362 1527 2173 1610; baseline 0 -21"><span class='ocrx_word' id='word_1_101' title='bbox 362 1530 545 1610; x_wconf 90' lang='lat' dir='ltr'><strong>Sailly</strong></span> <span class='ocrx_word' id='word_1_102' title='bbox 572 1527 847 1590; x_wconf 78' lang='lat' dir='ltr'><strong>Thomas,</strong></span> <span class='ocrx_word' id='word_1_103' title='bbox 883 1527 1217 1588; x_wconf 90' lang='lat' dir='ltr'><strong>Thesaurus</strong></span> <span class='ocrx_word' id='word_1_104' title='bbox 1246 1528 1606 1589; x_wconf 87' lang='lat' dir='ltr'><strong>Litaniarum</strong></span> <span class='ocrx_word' id='word_1_105' title='bbox 1634 1547 1698 1589; x_wconf 86' lang='lat' dir='ltr'><strong>ac</strong></span> <span class='ocrx_word' id='word_1_106' title='bbox 1727 1528 2063 1589; x_wconf 87' lang='lat' dir='ltr'><strong>orationum</strong></span> <span class='ocrx_word' id='word_1_107' title='bbox 2087 1548 2173 1589; x_wconf 87' lang='lat' dir='ltr'><strong>sa-</strong></span> 
     </span>
     <span class='ocr_line' id='line_1_20' title="bbox 440 1606 1328 1687; baseline -0.001 -20"><span class='ocrx_word' id='word_1_108' title='bbox 440 1626 559 1667; x_wconf 88' lang='lat' dir='ltr'><strong>cer.</strong></span> <span class='ocrx_word' id='word_1_109' title='bbox 586 1606 775 1685; x_wconf 91' lang='lat' dir='ltr'><strong>(Decr.</strong></span> <span class='ocrx_word' id='word_1_110' title='bbox 806 1608 841 1666; x_wconf 94' lang='grc'>7</span> <span class='ocrx_word' id='word_1_111' title='bbox 863 1607 1107 1687; x_wconf 83' lang='lat' dir='ltr'><strong>Augusti</strong></span> <span class='ocrx_word' id='word_1_112' title='bbox 1129 1606 1328 1683; x_wconf 80' lang='grc'><strong>1605.)</strong></span> 
     </span>
    </p>
   </div>
   <div class='ocr_carea' id='block_1_5' title="bbox 366 1689 2172 1921">
    <p class='ocr_par' dir='ltr' id='par_1_8' title="bbox 366 1689 2172 1921">
     <span class='ocr_line' id='line_1_21' title="bbox 366 1689 2172 1769; baseline -0.002 -17"><span class='ocrx_word' id='word_1_113' title='bbox 366 1690 631 1769; x_wconf 86' lang='lat' dir='ltr'><strong>Sainjore</strong></span> <span class='ocrx_word' id='word_1_114' title='bbox 665 1691 801 1769; x_wconf 91' lang='lat' dir='ltr'><strong>(Mr.</strong></span> <span class='ocrx_word' id='word_1_115' title='bbox 831 1690 947 1769; x_wconf 88' lang='lat' dir='ltr'><strong>de).</strong></span> <span class='ocrx_word' id='word_1_116' title='bbox 973 1689 1384 1769; x_wconf 75' lang='lat' dir='ltr'><strong>Bibliotheque</strong></span> <span class='ocrx_word' id='word_1_117' title='bbox 1420 1692 1681 1769; x_wconf 90' lang='lat' dir='ltr'><strong>Critique</strong></span> <span class='ocrx_word' id='word_1_118' title='bbox 1707 1709 1784 1751; x_wconf 94' lang='lat' dir='ltr'><strong>ou</strong></span> <span class='ocrx_word' id='word_1_119' title='bbox 1822 1692 2062 1750; x_wconf 88' lang='lat' dir='ltr'><strong>Recueil</strong></span> <span class='ocrx_word' id='word_1_120' title='bbox 2102 1690 2172 1750; x_wconf 91' lang='lat' dir='ltr'><strong>de</strong></span> 
     </span>
     <span class='ocr_line' id='line_1_22' title="bbox 441 1767 2167 1848; baseline -0.002 -20"><span class='ocrx_word' id='word_1_121' title='bbox 441 1769 699 1829; x_wconf 88' lang='lat' dir='ltr'><strong>diverses</strong></span> <span class='ocrx_word' id='word_1_122' title='bbox 735 1768 925 1848; x_wconf 77' lang='lat' dir='ltr'><strong>pieces</strong></span> <span class='ocrx_word' id='word_1_123' title='bbox 954 1770 1252 1846; x_wconf 88' lang='lat' dir='ltr'><strong>critiques.</strong></span> <span class='ocrx_word' id='word_1_124' title='bbox 1284 1771 1468 1829; x_wconf 90' lang='lat' dir='ltr'><strong>Tome</strong></span> <span class='ocrx_word' id='word_1_125' title='bbox 1500 1787 1542 1844; x_wconf 86' lang='lat'><strong>1,</strong></span> <span class='ocrx_word' id='word_1_126' title='bbox 1570 1789 1639 1842; x_wconf 85' lang='lat'><strong>11,</strong></span> <span class='ocrx_word' id='word_1_127' title='bbox 1669 1789 1734 1827; x_wconf 86' lang='lat'><strong>111</strong></span> <span class='ocrx_word' id='word_1_128' title='bbox 1768 1776 1828 1827; x_wconf 92' lang='lat' dir='ltr'><strong>et</strong></span> <span class='ocrx_word' id='word_1_129' title='bbox 1855 1788 1939 1827; x_wconf 78' lang='grc' dir='ltr'><strong>ιν.</strong></span> <span class='ocrx_word' id='word_1_130' title='bbox 1975 1767 2167 1846; x_wconf 87' lang='lat' dir='ltr'><strong>(Decr.</strong></span> 
     </span>
     <span class='ocr_line' id='line_1_23' title="bbox 444 1844 1032 1921; baseline -0.003 -16"><span class='ocrx_word' id='word_1_131' title='bbox 444 1847 520 1905; x_wconf 76' lang='lat'><strong>15</strong></span> <span class='ocrx_word' id='word_1_132' title='bbox 545 1846 805 1905; x_wconf 85' lang='lat' dir='ltr'><strong>Januarii</strong></span> <span class='ocrx_word' id='word_1_133' title='bbox 835 1844 1032 1921; x_wconf 79' lang='lat'>1714.)</span> 
     </span>
    </p>
   </div>
   <div class='ocr_carea' id='block_1_6' title="bbox 367 1929 2176 3264">
    <p class='ocr_par' dir='ltr' id='par_1_9' title="bbox 368 1929 2170 2086">
     <span class='ocr_line' id='line_1_24' title="bbox 368 1929 2170 2009; baseline 0.001 -20"><span class='ocrx_word' id='word_1_134' title='bbox 368 1931 533 1990; x_wconf 89' lang='lat' dir='ltr'><strong>Saint</strong></span> <span class='ocrx_word' id='word_1_135' title='bbox 556 1932 641 1989; x_wconf 88' lang='lat' dir='ltr'><strong>Na</strong></span> <span class='ocrx_word' id='word_1_136' title='bbox 686 1929 858 1990; x_wconf 75' lang='lat' dir='ltr'><strong>oleon</strong></span> <span class='ocrx_word' id='word_1_137' title='bbox 889 1949 963 1989; x_wconf 91' lang='lat' dir='ltr'><strong>au</strong></span> <span class='ocrx_word' id='word_1_138' title='bbox 980 1931 1213 1991; x_wconf 88' lang='lat' dir='ltr'><strong>Paradis</strong></span> <span class='ocrx_word' id='word_1_139' title='bbox 1236 1940 1295 1991; x_wconf 91' lang='lat' dir='ltr'><strong>et</strong></span> <span class='ocrx_word' id='word_1_140' title='bbox 1319 1950 1394 1993; x_wconf 90' lang='lat' dir='ltr'><strong>en</strong></span> <span class='ocrx_word' id='word_1_141' title='bbox 1420 1932 1535 1991; x_wconf 85' lang='lat' dir='ltr'><strong>exil</strong></span> <span class='ocrx_word' id='word_1_142' title='bbox 1559 1977 1574 2007; x_wconf 87' lang='lat'>‚</span> <span class='ocrx_word' id='word_1_143' title='bbox 1600 1931 1750 1991; x_wconf 90' lang='lat' dir='ltr'><strong>suivi</strong></span> <span class='ocrx_word' id='word_1_144' title='bbox 1777 1930 1958 1990; x_wconf 89' lang='lat' dir='ltr'><strong>d&#39;une</strong></span> <span class='ocrx_word' id='word_1_145' title='bbox 1984 1929 2170 2009; x_wconf 73' lang='lat' dir='ltr'><strong>epitre</strong></span> 
     </span>
     <span class='ocr_line' id='line_1_25' title="bbox 441 2005 1552 2086; baseline 0.002 -21"><span class='ocrx_word' id='word_1_146' title='bbox 441 2025 515 2065; x_wconf 88' lang='lat' dir='ltr'><strong>au</strong></span> <span class='ocrx_word' id='word_1_147' title='bbox 550 2005 647 2064; x_wconf 90' lang='lat' dir='ltr'><strong>dia</strong></span> <span class='ocrx_word' id='word_1_148' title='bbox 687 2006 762 2066; x_wconf 91' lang='grc'><strong>16.</strong></span> <span class='ocrx_word' id='word_1_149' title='bbox 794 2007 982 2086; x_wconf 86' lang='lat' dir='ltr'><strong>(Decr.</strong></span> <span class='ocrx_word' id='word_1_150' title='bbox 1003 2009 1037 2067; x_wconf 92' lang='lat'><strong>7</strong></span> <span class='ocrx_word' id='word_1_151' title='bbox 1061 2010 1322 2068; x_wconf 85' lang='lat' dir='ltr'><strong>Januarii</strong></span> <span class='ocrx_word' id='word_1_152' title='bbox 1354 2008 1552 2085; x_wconf 84' lang='lat'>1856.)</span> 
     </span>
    </p>

    <p class='ocr_par' dir='ltr' id='par_1_10' title="bbox 367 2091 2169 2247">
     <span class='ocr_line' id='line_1_26' title="bbox 367 2091 2169 2169; baseline 0.002 -18"><span class='ocrx_word' id='word_1_153' title='bbox 367 2091 531 2151; x_wconf 89' lang='lat' dir='ltr'><strong>Saint</strong></span> <span class='ocrx_word' id='word_1_154' title='bbox 574 2092 771 2151; x_wconf 88' lang='lat' dir='ltr'><strong>Pierre</strong></span> <span class='ocrx_word' id='word_1_155' title='bbox 810 2091 1079 2169; x_wconf 71' lang='lat' dir='ltr'><strong>(l&#39;Abbe).</strong></span> <span class='ocrx_word' id='word_1_156' title='bbox 1103 2091 1245 2154; x_wconf 82' lang='lat' dir='ltr'><strong>Vide</strong></span> <span class='ocrx_word' id='word_1_157' title='bbox 1274 2093 1563 2154; x_wconf 71' lang='lat' dir='ltr'><strong>Necessita</strong></span> <span class='ocrx_word' id='word_1_158' title='bbox 1586 2140 1600 2168; x_wconf 87' lang='lat'>,</span> <span class='ocrx_word' id='word_1_159' title='bbox 1641 2113 1674 2154; x_wconf 91' lang='grc'><strong>6</strong></span> <span class='ocrx_word' id='word_1_160' title='bbox 1705 2092 1895 2153; x_wconf 67' lang='grc' dir='ltr'><strong>υιίὶίῐὲ</strong></span> <span class='ocrx_word' id='word_1_161' title='bbox 1929 2092 2026 2152; x_wconf 90' lang='grc'><strong>(161</strong></span> <span class='ocrx_word' id='word_1_162' title='bbox 2054 2097 2169 2154; x_wconf 89' lang='lat' dir='ltr'><strong>Ma-</strong></span> 
     </span>
     <span class='ocr_line' id='line_1_27' title="bbox 447 2168 1330 2247; baseline 0 -20"><span class='ocrx_word' id='word_1_163' title='bbox 447 2168 727 2227; x_wconf 88' lang='lat' dir='ltr'><strong>trimonio</strong></span> <span class='ocrx_word' id='word_1_164' title='bbox 749 2168 902 2247; x_wconf 82' lang='lat' dir='ltr'><strong>degli</strong></span> <span class='ocrx_word' id='word_1_165' title='bbox 932 2169 1330 2228; x_wconf 88' lang='lat' dir='ltr'><strong>Ecclesiastici.</strong></span> 
     </span>
    </p>

    <p class='ocr_par' dir='ltr' id='par_1_11' title="bbox 371 2254 2170 2491">
     <span class='ocr_line' id='line_1_28' title="bbox 371 2254 2170 2336; baseline 0.002 -22"><span class='ocrx_word' id='word_1_166' title='bbox 371 2254 597 2314; x_wconf 88' lang='lat' dir='ltr'><strong>Salazar</strong></span> <span class='ocrx_word' id='word_1_167' title='bbox 637 2254 728 2327; x_wconf 89' lang='lat' dir='ltr'><strong>(D.</strong></span> <span class='ocrx_word' id='word_1_168' title='bbox 768 2254 1071 2313; x_wconf 89' lang='lat' dir='ltr'><strong>Francisco</strong></span> <span class='ocrx_word' id='word_1_169' title='bbox 1116 2254 1316 2314; x_wconf 94' lang='lat' dir='ltr'><strong>Lobon</strong></span> <span class='ocrx_word' id='word_1_170' title='bbox 1356 2255 1474 2336; x_wconf 89' lang='lat' dir='ltr'><strong>de).</strong></span> <span class='ocrx_word' id='word_1_171' title='bbox 1522 2258 1771 2318; x_wconf 86' lang='lat' dir='ltr'><strong>Historia</strong></span> <span class='ocrx_word' id='word_1_172' title='bbox 1815 2256 1909 2316; x_wconf 92' lang='lat' dir='ltr'><strong>del</strong></span> <span class='ocrx_word' id='word_1_173' title='bbox 1955 2255 2170 2317; x_wconf 87' lang='lat' dir='ltr'><strong>famoso</strong></span> 
     </span>
     <span class='ocr_line' id='line_1_29' title="bbox 448 2330 2165 2413; baseline 0 -22"><span class='ocrx_word' id='word_1_174' title='bbox 448 2330 797 2392; x_wconf 87' lang='lat' dir='ltr'><strong>Predicador</strong></span> <span class='ocrx_word' id='word_1_175' title='bbox 824 2333 974 2410; x_wconf 89' lang='lat' dir='ltr'><strong>Fray</strong></span> <span class='ocrx_word' id='word_1_176' title='bbox 1006 2332 1302 2391; x_wconf 89' lang='lat' dir='ltr'><strong>Gerundio</strong></span> <span class='ocrx_word' id='word_1_177' title='bbox 1339 2334 1411 2394; x_wconf 90' lang='lat' dir='ltr'><strong>de</strong></span> <span class='ocrx_word' id='word_1_178' title='bbox 1445 2337 1750 2413; x_wconf 89' lang='lat' dir='ltr'><strong>Campazas</strong></span> <span class='ocrx_word' id='word_1_179' title='bbox 1772 2380 1786 2408; x_wconf 87' lang='lat'>,</span> <span class='ocrx_word' id='word_1_180' title='bbox 1817 2335 1954 2394; x_wconf 90' lang='lat' dir='ltr'><strong>alias</strong></span> <span class='ocrx_word' id='word_1_181' title='bbox 1981 2336 2165 2395; x_wconf 71' lang='lat' dir='ltr'><strong>Zotes.</strong></span> 
     </span>
     <span class='ocr_line' id='line_1_30' title="bbox 448 2409 1328 2491; baseline 0.001 -23"><span class='ocrx_word' id='word_1_182' title='bbox 448 2410 641 2487; x_wconf 87' lang='lat' dir='ltr'><strong>(Decr.</strong></span> <span class='ocrx_word' id='word_1_183' title='bbox 675 2412 703 2468; x_wconf 94' lang='lat'>1</span> <span class='ocrx_word' id='word_1_184' title='bbox 736 2409 1095 2490; x_wconf 88' lang='lat' dir='ltr'><strong>Septembris</strong></span> <span class='ocrx_word' id='word_1_185' title='bbox 1125 2410 1328 2491; x_wconf 86' lang='grc'><strong>1760.)</strong></span> 
     </span>
    </p>

    <p class='ocr_par' dir='ltr' id='par_1_12' title="bbox 372 2486 1708 2567">
     <span class='ocr_line' id='line_1_31' title="bbox 372 2486 1708 2567; baseline -0.001 -19"><span class='ocrx_word' id='word_1_186' title='bbox 372 2486 615 2548; x_wconf 88' lang='lat' dir='ltr'><strong>Salbach</strong></span> <span class='ocrx_word' id='word_1_187' title='bbox 640 2489 946 2548; x_wconf 89' lang='lat' dir='ltr'><strong>Martinus.</strong></span> <span class='ocrx_word' id='word_1_188' title='bbox 979 2486 1031 2566; x_wconf 92' lang='lat'><strong>(1</strong></span> <span class='ocrx_word' id='word_1_189' title='bbox 1061 2489 1143 2546; x_wconf 83' lang='lat' dir='ltr'><strong>cl.</strong></span> <span class='ocrx_word' id='word_1_190' title='bbox 1172 2489 1325 2567; x_wconf 80' lang='lat' dir='ltr'><strong>App.</strong></span> <span class='ocrx_word' id='word_1_191' title='bbox 1358 2490 1487 2549; x_wconf 92' lang='lat' dir='ltr'><strong>Ind.</strong></span> <span class='ocrx_word' id='word_1_192' title='bbox 1518 2489 1708 2566; x_wconf 88' lang='lat' dir='ltr'><strong>Trid.)</strong></span> 
     </span>
    </p>

    <p class='ocr_par' dir='ltr' id='par_1_13' title="bbox 370 2566 2175 2722">
     <span class='ocr_line' id='line_1_32' title="bbox 370 2566 2175 2644; baseline 0 -19"><span class='ocrx_word' id='word_1_193' title='bbox 370 2567 654 2626; x_wconf 90' lang='lat' dir='ltr'><strong>Saldenus</strong></span> <span class='ocrx_word' id='word_1_194' title='bbox 679 2566 1043 2625; x_wconf 88' lang='lat' dir='ltr'><strong>Guilielmus.</strong></span> <span class='ocrx_word' id='word_1_195' title='bbox 1076 2568 1163 2624; x_wconf 89' lang='lat' dir='ltr'><strong>De</strong></span> <span class='ocrx_word' id='word_1_196' title='bbox 1196 2567 1362 2626; x_wconf 90' lang='lat' dir='ltr'><strong>libris</strong></span> <span class='ocrx_word' id='word_1_197' title='bbox 1381 2612 1396 2638; x_wconf 87' lang='lat'>‚</span> <span class='ocrx_word' id='word_1_198' title='bbox 1428 2567 1708 2644; x_wconf 88' lang='lat' dir='ltr'><strong>varioque</strong></span> <span class='ocrx_word' id='word_1_199' title='bbox 1742 2585 1947 2626; x_wconf 89' lang='lat' dir='ltr'><strong>eorum</strong></span> <span class='ocrx_word' id='word_1_200' title='bbox 1982 2584 2092 2624; x_wconf 89' lang='lat' dir='ltr'><strong>usu</strong></span> <span class='ocrx_word' id='word_1_201' title='bbox 2120 2573 2175 2625; x_wconf 86' lang='lat' dir='ltr'><strong>ct</strong></span> 
     </span>
     <span class='ocr_line' id='line_1_33' title="bbox 448 2641 1726 2722; baseline -0.001 -19"><span class='ocrx_word' id='word_1_202' title='bbox 448 2644 631 2703; x_wconf 90' lang='lat' dir='ltr'><strong>abusu</strong></span> <span class='ocrx_word' id='word_1_203' title='bbox 652 2689 669 2715; x_wconf 86' lang='lat'>‚</span> <span class='ocrx_word' id='word_1_204' title='bbox 703 2644 840 2702; x_wconf 89' lang='lat' dir='ltr'><strong>libri</strong></span> <span class='ocrx_word' id='word_1_205' title='bbox 862 2643 1001 2701; x_wconf 91' lang='lat' dir='ltr'><strong>duo.</strong></span> <span class='ocrx_word' id='word_1_206' title='bbox 1028 2641 1217 2721; x_wconf 89' lang='lat' dir='ltr'><strong>(Decr.</strong></span> <span class='ocrx_word' id='word_1_207' title='bbox 1248 2646 1284 2702; x_wconf 80' lang='lat'>4</span> <span class='ocrx_word' id='word_1_208' title='bbox 1311 2644 1501 2703; x_wconf 88' lang='lat' dir='ltr'><strong>Martii</strong></span> <span class='ocrx_word' id='word_1_209' title='bbox 1527 2645 1726 2722; x_wconf 89' lang='grc'><strong>1709.)</strong></span> 
     </span>
    </p>

    <p class='ocr_par' dir='ltr' id='par_1_14' title="bbox 372 2719 2176 2955">
     <span class='ocr_line' id='line_1_34' title="bbox 372 2719 2176 2813; baseline 0 -34"><span class='ocrx_word' id='word_1_210' title='bbox 372 2722 615 2801; x_wconf 84' lang='lat' dir='ltr'><strong>Salgado</strong></span> <span class='ocrx_word' id='word_1_211' title='bbox 655 2721 1033 2801; x_wconf 89' lang='lat' dir='ltr'><strong>(Franciscus)</strong></span> <span class='ocrx_word' id='word_1_212' title='bbox 1072 2719 1147 2779; x_wconf 92' lang='lat' dir='ltr'><strong>de</strong></span> <span class='ocrx_word' id='word_1_213' title='bbox 1187 2722 1451 2781; x_wconf 90' lang='lat' dir='ltr'><strong>Somoza.</strong></span> <span class='ocrx_word' id='word_1_214' title='bbox 1481 2724 1568 2781; x_wconf 87' lang='lat' dir='ltr'><strong>De</strong></span> <span class='ocrx_word' id='word_1_215' title='bbox 1605 2724 1778 2813; x_wconf 74' lang='lat' dir='ltr'><strong>Regia</strong></span> <span class='ocrx_word' id='word_1_216' title='bbox 1818 2722 2176 2801; x_wconf 87' lang='lat' dir='ltr'><strong>protectione</strong></span> 
     </span>
     <span class='ocr_line' id='line_1_35' title="bbox 448 2798 2174 2955; baseline -0.002 -97"><span class='ocrx_word' id='word_1_217' title='bbox 448 2800 508 2934; x_wconf 52' lang='lat' dir='ltr'><strong>{i</strong></span> <span class='ocrx_word' id='word_1_218' title='bbox 549 2816 964 2955; x_wconf 55' lang='lat' dir='ltr'><strong>(ipprctssoruffi</strong></span> <span class='ocrx_word' id='word_1_219' title='bbox 981 2842 997 2869; x_wconf 85' lang='lat'>‚</span> <span class='ocrx_word' id='word_1_220' title='bbox 1034 2798 1753 2955; x_wconf 47' lang='lat' dir='ltr'><strong>apppllpntipmig&#39;qgapsls</strong></span> <span class='ocrx_word' id='word_1_221' title='bbox 1790 2808 1848 2858; x_wconf 88' lang='lat' dir='ltr'><strong>et</strong></span> <span class='ocrx_word' id='word_1_222' title='bbox 1873 2800 2174 2860; x_wconf 86' lang='lat' dir='ltr'><strong>Judicibus</strong></span> 
     </span>
    </p>

    <p class='ocr_par' dir='ltr' id='par_1_15' title="bbox 498 2893 1633 2936">
     <span class='ocr_line' id='line_1_36' title="bbox 498 2893 1633 2936; baseline 0 -2"><span class='ocrx_word' id='word_1_223' title='bbox 498 2896 560 2936; x_wconf 92' lang='grc'><strong>66</strong></span> <span class='ocrx_word' id='word_1_224' title='bbox 584 2894 725 2935; x_wconf 79' lang='lat' dir='ltr'><strong>esias</strong></span> <span class='ocrx_word' id='word_1_225' title='bbox 754 2895 875 2935; x_wconf 74' lang='lat' dir='ltr'><strong>leis.</strong></span> <span class='ocrx_word' id='word_1_226' title='bbox 967 2893 1083 2934; x_wconf 90' lang='lat' dir='ltr'><strong>ecr.</strong></span> <span class='ocrx_word' id='word_1_227' title='bbox 1304 2895 1356 2935; x_wconf 87' lang='lat' dir='ltr'><strong>r1</strong></span> <span class='ocrx_word' id='word_1_228' title='bbox 1383 2896 1429 2936; x_wconf 76' lang='lat' dir='ltr'><strong>is</strong></span> <span class='ocrx_word' id='word_1_229' title='bbox 1618 2920 1633 2934; x_wconf 85' lang='lat'><strong>.</strong></span> 
     </span>
    </p>

    <p class='ocr_par' dir='ltr' id='par_1_16' title="bbox 371 2895 2175 3264">
     <span class='ocr_line' id='line_1_37' title="bbox 371 2895 2174 3031; baseline 0 -19"><span class='ocrx_word' id='word_1_230' title='bbox 371 2984 451 2992; x_wconf 92' lang='lat'><strong>—-</strong></span> <span class='ocrx_word' id='word_1_231' title='bbox 490 2955 793 3012; x_wconf 88' lang='lat' dir='ltr'><strong>Tractatus</strong></span> <span class='ocrx_word' id='word_1_232' title='bbox 827 2953 901 3012; x_wconf 90' lang='lat' dir='ltr'><strong>de</strong></span> <span class='ocrx_word' id='word_1_233' title='bbox 939 2895 1365 3031; x_wconf 66' lang='lat' dir='ltr'><strong>supplicatidhe</strong></span> <span class='ocrx_word' id='word_1_234' title='bbox 1399 2954 1472 3013; x_wconf 89' lang='lat' dir='ltr'><strong>ad</strong></span> <span class='ocrx_word' id='word_1_235' title='bbox 1509 2954 1947 3014; x_wconf 89' lang='lat' dir='ltr'><strong>Sanctissimum</strong></span> <span class='ocrx_word' id='word_1_236' title='bbox 1985 2973 2016 3012; x_wconf 93' lang='lat' dir='ltr'><strong>a</strong></span> <span class='ocrx_word' id='word_1_237' title='bbox 2061 2954 2174 3012; x_wconf 87' lang='lat' dir='ltr'><strong>Lit-</strong></span> 
     </span>
     <span class='ocr_line' id='line_1_38' title="bbox 451 3031 2175 3110; baseline 0.001 -22"><span class='ocrx_word' id='word_1_238' title='bbox 451 3032 595 3089; x_wconf 90' lang='lat' dir='ltr'><strong>teris</strong></span> <span class='ocrx_word' id='word_1_239' title='bbox 621 3031 884 3089; x_wconf 89' lang='lat' dir='ltr'><strong>etBullis</strong></span> <span class='ocrx_word' id='word_1_240' title='bbox 904 3032 1244 3110; x_wconf 79' lang='lat' dir='ltr'><strong>Apostolicis</strong></span> <span class='ocrx_word' id='word_1_241' title='bbox 1265 3076 1280 3102; x_wconf 79' lang='lat'>‚</span> <span class='ocrx_word' id='word_1_242' title='bbox 1317 3050 1569 3109; x_wconf 90' lang='lat' dir='ltr'><strong>nequam</strong></span> <span class='ocrx_word' id='word_1_243' title='bbox 1600 3042 1658 3091; x_wconf 88' lang='lat' dir='ltr'><strong>et</strong></span> <span class='ocrx_word' id='word_1_244' title='bbox 1693 3034 2034 3110; x_wconf 85' lang='lat' dir='ltr'><strong>importuno</strong></span> <span class='ocrx_word' id='word_1_245' title='bbox 2067 3031 2175 3090; x_wconf 89' lang='lat' dir='ltr'><strong>im-</strong></span> 
     </span>
     <span class='ocr_line' id='line_1_39' title="bbox 450 3108 2170 3181; baseline 0 -16"><span class='ocrx_word' id='word_1_246' title='bbox 450 3108 689 3181; x_wconf 87' lang='lat' dir='ltr'><strong>petratis</strong></span> <span class='ocrx_word' id='word_1_247' title='bbox 710 3151 725 3178; x_wconf 85' lang='lat'><strong>‚</strong></span> <span class='ocrx_word' id='word_1_248' title='bbox 764 3116 823 3166; x_wconf 88' lang='lat' dir='ltr'><strong>ct</strong></span> <span class='ocrx_word' id='word_1_249' title='bbox 861 3108 934 3167; x_wconf 90' lang='lat' dir='ltr'><strong>de</strong></span> <span class='ocrx_word' id='word_1_250' title='bbox 973 3127 1174 3168; x_wconf 87' lang='lat' dir='ltr'><strong>earum</strong></span> <span class='ocrx_word' id='word_1_251' title='bbox 1207 3111 1534 3169; x_wconf 89' lang='lat' dir='ltr'><strong>retentione</strong></span> <span class='ocrx_word' id='word_1_252' title='bbox 1568 3110 1808 3169; x_wconf 89' lang='lat' dir='ltr'><strong>interim</strong></span> <span class='ocrx_word' id='word_1_253' title='bbox 1850 3110 1910 3168; x_wconf 88' lang='lat' dir='ltr'><strong>in</strong></span> <span class='ocrx_word' id='word_1_254' title='bbox 1938 3112 2170 3169; x_wconf 86' lang='lat' dir='ltr'><strong>Senatu.</strong></span> 
     </span>
     <span class='ocr_line' id='line_1_40' title="bbox 450 3184 1261 3264; baseline 0.004 -25"><span class='ocrx_word' id='word_1_255' title='bbox 450 3184 641 3255; x_wconf 82' lang='lat' dir='ltr'><strong>(Decr.</strong></span> <span class='ocrx_word' id='word_1_256' title='bbox 668 3187 742 3245; x_wconf 74' lang='lat'><strong>26</strong></span> <span class='ocrx_word' id='word_1_257' title='bbox 765 3186 1032 3245; x_wconf 88' lang='lat' dir='ltr'><strong>Octobris</strong></span> <span class='ocrx_word' id='word_1_258' title='bbox 1058 3186 1261 3264; x_wconf 80' lang='lat'>1640.)</span> 
     </span>
    </p>
   </div>
   <div class='ocr_carea' id='block_1_7' title="bbox 372 3252 2176 3343">
    <p class='ocr_par' dir='ltr' id='par_1_17' title="bbox 372 3252 2176 3343">
     <span class='ocr_line' id='line_1_41' title="bbox 372 3252 2176 3343; baseline 0.006 -30"><span class='ocrx_word' id='word_1_259' title='bbox 372 3252 600 3320; x_wconf 79' lang='lat' dir='ltr'><strong>Saliceti</strong></span> <span class='ocrx_word' id='word_1_260' title='bbox 644 3263 951 3339; x_wconf 86' lang='lat' dir='ltr'><strong>Giuscppe.</strong></span> <span class='ocrx_word' id='word_1_261' title='bbox 998 3264 1232 3323; x_wconf 85' lang='lat' dir='ltr'><strong>Marialc</strong></span> <span class='ocrx_word' id='word_1_262' title='bbox 1279 3264 1530 3334; x_wconf 67' lang='lat' dir='ltr'><strong>morico,</strong></span> <span class='ocrx_word' id='word_1_263' title='bbox 1571 3285 1602 3324; x_wconf 86' lang='grc'><strong>6</strong></span> <span class='ocrx_word' id='word_1_264' title='bbox 1649 3266 1869 3343; x_wconf 81' lang='lat' dir='ltr'><strong>pratico</strong></span> <span class='ocrx_word' id='word_1_265' title='bbox 1894 3310 1907 3334; x_wconf 82' lang='lat'>‚</span> <span class='ocrx_word' id='word_1_266' title='bbox 1964 3264 2176 3324; x_wconf 85' lang='lat' dir='ltr'><strong>consis-</strong></span> 
     </span>
    </p>
   </div>
   <div class='ocr_carea' id='block_1_8' title="bbox 1744 1008 2174 1166">
    <p class='ocr_par' dir='ltr' id='par_1_18' title="bbox 1744 1008 2174 1166">
     <span class='ocr_line' id='line_1_42' title="bbox 1821 1008 2083 1088; baseline 0.004 -19"><span class='ocrx_word' id='word_1_267' title='bbox 1821 1008 2012 1088; x_wconf 86' lang='lat' dir='ltr'><strong>(Deer.</strong></span> <span class='ocrx_word' id='word_1_268' title='bbox 2042 1013 2083 1070; x_wconf 77' lang='lat'>4</span> 
     </span>
     <span class='ocr_line' id='line_1_43' title="bbox 1744 1089 2174 1166; baseline -0.002 -19"><span class='ocrx_word' id='word_1_269' title='bbox 1744 1089 1936 1147; x_wconf 89' lang='lat' dir='ltr'><strong>Martii</strong></span> <span class='ocrx_word' id='word_1_270' title='bbox 1970 1089 2174 1166; x_wconf 84' lang='grc'><strong>1709.)</strong></span> 
     </span>
    </p>
   </div>
   <div class='ocr_carea' id='block_1_9' title="bbox 554 3702 555 3936">
    <p class='ocr_par' dir='ltr' id='par_1_19' title="bbox 554 3702 555 3936">
     <span class='ocr_line' id='line_1_44' title="bbox 554 3702 555 3936; baseline 0 6"><span class='ocrx_word' id='word_1_271' title='bbox 554 3702 555 3936; x_wconf 95' lang='lat' dir='ltr'><strong> </strong></span> 
     </span>
    </p>
   </div>
  </div>
 </body>
</html>
