2384 3942
500 191 614 234 nautam
633 190 745 234 tunicis.

497 351 646 411 REGULA
666 352 747 412 Vlll.

206 507 306 581 Libri,
326 523 455 585 quorum
468 504 631 584 principale
649 514 858 585 argumentum
877 505 990 568 bonum
1009 517 1075 582 est,

169 585 201 645 in
223 586 329 663 quibus
348 592 447 642 tamen
469 583 564 642 obiter
585 585 682 662 aliqua
711 585 818 644 inserta
842 593 928 656 sunt,
954 605 1019 664 quae
1039 585 1076 649 ad

168 658 326 733 haeresim,
350 677 400 718 seu
420 660 620 738 impietatem,
645 659 879 733 divinationem,
903 680 953 721 seu
972 681 1076 743 super-

167 741 316 800 stitionem
340 744 495 815 spectant,
523 758 539 797 a
564 737 719 799 Catholicis
746 737 921 817 Theologis,
949 740 1076 818 Inquisi-

168 817 258 877 tionis
271 814 415 893 generalis
424 817 595 876 auctoritate
606 862 614 888 ,
627 817 797 894 expurgati,
810 817 927 876 concedi
940 828 1074 907 possunt.

206 892 288 951 ldem
317 889 463 967 judicium
485 893 523 952 sit
555 893 592 953 de
615 895 768 972 prologis,
801 893 988 967 summariis,
1024 912 1075 955 seu

168 969 430 1044 annotationibus,
465 989 530 1046 quae
552 990 569 1030 a
591 971 737 1030 damnatis
763 971 958 1044 Auctoribus,
991 971 1076 1032 libris

169 1065 230 1106 nou
265 1047 409 1106 damnatis
446 1049 585 1127 apposite
611 1056 704 1126 sunt;
736 1047 787 1108 sod
811 1046 930 1128 posthac
957 1049 1075 1109 nonnisi

168 1124 315 1184 emendati
339 1124 530 1186 excudantur.

509 1280 658 1341 REGULA
679 1279 732 1340 IX.

205 1433 285 1493 Libri
307 1451 425 1506 omnes,
442 1442 471 1494 et
491 1435 599 1526 scripta
613 1435 811 1505 Geomantiae,
833 1435 858 1493 H
881 1432 1073 1507 dromantioe,

167 1513 355 1572 AEromantiae
368 1558 375 1583 ,
389 1515 604 1592 Pyromantiae,
627 1513 826 1584 Onomantiae,
869 1511 1073 1587 biromantiae,

167 1589 402 1661 Necromantioe,
424 1590 485 1650 sive
511 1591 543 1648 in
567 1590 673 1668 quibus
691 1589 880 1650 continentur
903 1591 1074 1670 sortilegia,

167 1666 330 1737 veneficia,
353 1668 494 1746 auguria,
516 1668 666 1746 auspicia,
688 1668 899 1728 incantationes
923 1669 993 1729 artis
1014 1688 1077 1728 ma·

167 1745 260 1822 giem,
281 1762 401 1824 prorsus
422 1743 607 1823 rejiciuntur.

207 1824 341 1901 Episcopi
360 1840 430 1883 vero
451 1824 608 1902 diligenter
627 1821 819 1901 provideant,
839 1841 877 1881 ne
905 1821 1021 1883 Astrolo
1043 1824 1078 1884 'ae

165 1899 329 2036 pudiciariae
346 1900 437 1971 libri,
453 1911 591 1961 tractatus
608 1945 616 1972 ,
641 1897 750 1958 indices
773 1900 934 1975 legantur,
955 1902 1001 1957 vel
1045 1919 1077 1958 a·

188 1987 312 2048 eantur,
336 1979 386 2053 qui
412 1978 449 2035 de
475 1979 582 2036 futuris
602 1975 854 2051 contingentibus,
880 1975 1075 2048 successibus,

169 2053 332 2112 fortuitisve
361 2054 496 2122 casibus,
522 2062 572 2111 aut
596 2052 633 2111 iis
657 2051 839 2122 actionibus,
862 2067 928 2126 quae
952 2050 989 2110 ab
1019 2050 1076 2112 bu-

169 2148 256 2190 mana
285 2129 436 2188 voluntate
465 2129 617 2208 pendent,
650 2135 729 2188 certo
759 2126 871 2204 aliquid
900 2138 1076 2190 eventurum

169 2207 316 2266 affirmare
339 2206 458 2266 audent.

208 2285 424 2343 Permittuntur
444 2290 543 2343 autem
560 2281 692 2359 judicia,
716 2291 746 2342 et
770 2282 916 2343 naturales
939 2280 1074 2341 observa-

168 2360 284 2430 tiones,
315 2379 381 2436 quae
401 2362 612 2440 navigationis,
643 2360 848 2452 agriculture,
874 2361 935 2419 sive
955 2358 1076 2419 medice
1188 2380 1189 2426 i

170 2438 239 2497 artis
258 2435 395 2514 juvandae
419 2439 536 2517 gratia,
559 2449 723 2516 conscripta
742 2446 820 2496 sunt.

520 2592 668 2653 nauum
686 2594 725 2652 X.

209 2748 243 2805 ln
268 2747 431 2818 librorum,
457 2747 619 2807 aliarumve
642 2747 854 2825 scripturarum
884 2745 1076 2824 impressione

169 2832 320 2898 servetur,
344 2825 423 2901 quod
441 2824 472 2883 iu
487 2826 616 2885 Concilio
634 2824 819 2884 Lateranensi
837 2823 891 2883 sub
915 2826 1012 2884 Leone
1027 2826 1075 2898 X,

170 2905 245 2964 Sess.
267 2905 313 2975 X,
338 2909 480 2961 statutum
505 2911 559 2962 est.

209 2981 305 3055 Quare
325 2981 351 3042 si
370 2980 401 3040 in
426 2979 503 3040 alma
525 2979 600 3039 urbe
620 2978 712 3037 Roma
732 2978 808 3037 liber
834 2978 940 3056 aliquis
960 2979 998 3040 sit
1020 2979 1078 3039 im-

191 3057 343 3118 rimendus
359 3103 367 3130 ,
386 3076 439 3137 per
459 3057 610 3117 Vicarium
631 3058 739 3115 summi
762 3055 931 3129 Pontificis,
953 3065 983 3116 et
1003 3058 1076 3117 sacri

170 3077 271 3193 balatu
291 3137 479 3214 Magistrum,
494 3136 542 3195 vel
555 3152 694 3214 personas
714 3152 730 3191 a
748 3134 934 3195 Sanctissimo
949 3137 1076 3195 Domino

171 3212 277 3270 Nostro
299 3213 500 3290 deputandas,
528 3214 611 3293 prius
636 3211 830 3271 examinetur.
1183 3264 1184 3281 ,

211 3287 245 3345 ln
262 3288 326 3346 aliis
344 3307 414 3349 vero
431 3291 501 3351 locis
518 3291 556 3350 ad
575 3290 769 3369 Episcopum,
789 3289 836 3348 vel
853 3289 943 3348 alium
965 3284 1077 3347 baben·
1183 3286 1184 3295 ’

170 3373 231 3422 tem
257 3365 408 3454 scientiam
432 3369 501 3428 libri
520 3414 529 3443 ,
548 3368 595 3428 vel
618 3369 770 3445 scripturae
789 3363 1018 3458 imprimenda,
1038 3365 1076 3422 ab
1182 3370 1183 3385 ¹

170 3439 274 3501 eodem
296 3444 437 3521 Episcopo
454 3444 676 3524 deputandum,
698 3461 732 3502 ao
753 3445 961 3520 Inquisitorem
982 3438 1076 3499 haere
1182 3445 1183 3460 ¹

170 3517 235 3578 tieae
258 3519 408 3597 pravitatis
432 3519 495 3598 ejus
526 3522 674 3593 civitatis,
701 3520 749 3579 vel
776 3518 931 3592 dioeccsis,
958 3517 990 3577 in
1018 3535 1076 3595 qua
