2384 3942
457 247 631 288 insultuct‘to.

517 393 590 474 su·
684 460 693 474 .

146 519 296 597 Regularcs
311 563 319 593 ,
330 528 444 655 praetcr
458 519 592 600 Episcopi
604 529 652 591 ‚et
664 518 849 597 Inquisitoris
860 518 1008 581 licentiam

109 595 156 674 (de
173 616 225 674 qua
247 599 329 675 Regu
342 615 358 656 a
371 597 483 658 decima
506 597 619 659 dictum
631 596 697 676 est),
711 597 904 658 meminerint
916 601 1008 658 teneri

108 691 138 732 se
150 718 157 745 ‚
171 676 241 736 sacri
267 675 390 735 Concilii
406 675 572 736 Tridentini
592 676 728 746 decreto,
752 676 849 754 operis
863 675 896 736 in
912 673 1008 736 lucem

107 750 205 812 edendi
218 753 391 812 facultatem
402 771 418 810 a
431 753 554 813 Praelato
566 797 573 822 ,
587 754 635 814 cui
648 751 816 830 subjacent,
841 753 989 817 obtinere.

143 831 306 908 Utramque
324 838 423 890 autem
443 831 680 904 concessionem,
707 850 773 908 quae
791 840 950 910 appareat,
973 829 1011 890 ad

104 906 283 986 principium
296 908 393 985 operis
406 908 537 987 imprimi
559 907 676 968 iaciant.

465 1113 468 1120 .
514 1060 601 1142 §nt

140 1201 253 1258 Curcnt
271 1198 425 1289 Episcopi,
448 1206 477 1258 ct
493 1198 703 1276 Inquisitores‚
723 1197 818 1275 poenis
837 1197 926 1258 etiam
939 1215 1010 1276 pro·

102 1276 227 1366 positiS,
254 1293 292 1334 ne
315 1277 534 1354 impressoriam
551 1285 645 1334 artem
665 1284 854 1342 exercenteS,
873 1274 1010 1334 obscenas

101 1353 261 1430 imagines,
297 1361 456 1432 turpesve,
484 1354 573 1412 ctiam
608 1355 640 1411 in
698 1352 874 1412 andiusculis
902 1352 1010 1411 litteris

101 1429 235 1508 imprimi
256 1440 425 1506 consuetas,
445 1433 476 1491 in
495 1431 643 1490 librorum
680 1431 795 1508 einoeps
818 1430 1011 1508 impressione

100 1516 263 1586 apponant.

141 1583 188 1642 Ad
215 1585 306 1643 libros
329 1603 422 1656 vero,
452 1587 502 1663 qui
529 1585 566 1645 de
593 1585 683 1645 rebus
715 1585 936 1657 Ecclesiasticis‚
960 1592 1012 1643 aut

99 1678 114 1718 s
138 1660 307 1717 iritunlibus
329 1663 483 1738 conscripti
505 1671 596 1734 sunt,
624 1681 661 1721 ne
683 1660 898 1721 characteribus
923 1680 1012 1740 gran-

125 1735 240 1792 ioribus
256 1743 395 1804 utantur,
414 1737 446 1792 in
465 1737 571 1812 quibus
584 1755 718 1814 expresse
737 1749 874 1814 appareat
891 1737 1015 1814 alicujus

102 1811 151 1868 rei
177 1810 326 1887 profanae,
348 1811 458 1869 nedum
484 1812 600 1888 turpis,
629 1813 795 1870 obscenceve
816 1815 935 1903 species.
982 1857 986 1864 .

145 1885 203 1959 Qui
223 1887 311 1946 etiam
331 1887 528 1966 invigilabunt
546 1905 754 1965 summopere,
778 1897 813 1947 ut
833 1908 865 1947 in
887 1890 932 1948 sin
973 1889 1017 1948 lo-

99 1981 173 2023 rum
191 1964 386 2043 impressione
406 1965 552 2025 librorum
574 1983 684 2024 nomen
706 1967 912 2042 impressoris,
947 1983 1016 2026 ocus

98 2043 323 2120 impressionis,
348 2051 515 2115 stannus,
557 2061 596 2102 uo
616 2043 694 2102 liber
719 2043 878 2121 impressus
899 2052 961 2118 est,
983 2043 1014 2103 in

98 2119 250 2198 principio
269 2119 355 2197 ejus,
377 2129 465 2200 atquc
483 2121 515 2182 in
537 2061 600 2180 dne
617 2120 783 2180 adnotetur.

511 2273 527 2356 p
547 2277 598 2336 iv.

142 2408 199 2481 Qui
219 2407 315 2486 operis
337 2408 458 2488 alicujus
479 2408 639 2471 editionem
661 2420 763 2491 parat,
786 2413 935 2494 integrum
949 2414 1012 2493 ejus

97 2486 253 2563 exemplar
278 2486 411 2548 exhibeat
434 2489 595 2566 Episcopo,
611 2491 659 2548 vel
682 2492 851 2568 Inquisitori
876 2515 884 2550 :
911 2493 941 2552 id
960 2494 1012 2553 ubi

96 2580 171 2622 reco
212 2564 348 2636 overint,
373 2565 640 2643 probaverintque,
675 2586 764 2646 penos
799 2587 830 2627 se
853 2571 1011 2629 retineant.

97 2642 169 2713 Quo
203 2642 304 2712 llomae
321 2643 440 2720 quidem
456 2643 486 2701 in
502 2643 641 2704 Ambivio
654 2647 783 2724 Magistri
802 2647 874 2705 sacri
891 2648 1013 2721 Palatii,

97 2726 185 2778 extro
206 2719 315 2778 Urbem
333 2737 422 2790 vcro,
444 2721 476 2780 in
497 2720 561 2780 loco
582 2721 708 2795 idoneo,
734 2741 822 2802 quem
834 2725 1013 2802 Episcopus,

99 2803 153 2854 aut
177 2797 337 2872 Inquisitor
360 2798 501 2876 clegerit,
521 2808 698 2858 reservetur.

141 2873 299 2949 Postquam
327 2883 425 2934 autem
447 2875 524 2934 liber
550 2876 711 2954 impressis
732 2879 814 2948 erit,
839 2895 901 2936 non
927 2877 1013 2933 liceat

101 2949 147 3008 cui
191 2969 238 3010 am
260 2953 393 3012 venalem
414 2954 445 3011 in
464 2953 570 3033 vulgus
593 2971 782 3033 proponere,
807 2961 859 3010 cut
881 2968 1015 3026 quoquo-

101 3045 150 3086 mo
172 3045 190 3086 o
216 3029 388 3104 publicare,
415 3041 572 3107 antequam
599 3032 648 3100 is,
673 3032 710 3090 ad
734 3048 823 3107 quem
846 3025 909 3084 hoec
944 3045 1013 3085 cura

137 3105 248 3174 rtinet,
278 3105 363 3163 illurn
382 3124 449 3163 cum
471 3109 671 3184 manuscripto
690 3107 769 3184 apud
784 3122 815 3161 se
831 3110 947 3162 retento
968 3104 1014 3164 di-

113 3182 228 3259 igenter
255 3182 435 3250 contulerit,
457 3176 687 3260 licentiamque,
715 3190 751 3239 ut
770 3179 883 3253 vendi,
915 3182 1013 3260 publi-

101 3261 222 3336 carique
241 3256 352 3334 possit,
372 3259 557 3315 concesserit.

141 3336 234 3413 ldquc
252 3341 317 3392 tum
334 3332 455 3410 demum
473 3332 660 3406 iaciendum,
678 3351 746 3392 cum
765 3338 948 3415 exploratum
960 3337 1013 3396 bo-

100 3414 246 3485 bebitur,
273 3407 491 3546 typographum
520 3409 648 3470 fideliter
676 3430 707 3470 se
741 3413 772 3472 in
801 3433 855 3478 silo
887 3435 1012 3476 munere

101 3490 245 3568 gessisse,
270 3505 404 3566 nequca
448 3487 608 3566 exemplari
632 3493 831 3572 manuscripto
850 3494 896 3552 vel
923 3494 1013 3554 mini-

103 3587 189 3626 mum
206 3566 377 3625 discessisse.
904 3608 908 3612 <
