2384 3942
453 203 587 243 DECRETA·
893 205 970 248 xcvu

64 287 145 357 alia,
171 305 241 362 quac
263 294 393 364 spectant
415 285 549 356 directe,
575 286 622 344 vel
647 284 792 346 indirecte
813 285 849 345 ad
868 291 974 366 praedi-

65 375 142 426 ctam
166 363 409 424 controversiam.
436 366 491 424 Per
514 362 571 423 boc
594 371 694 436 autem
713 365 872 424 Decretum
899 366 974 427 nibil

64 440 197 502 intendit
214 459 293 500 sacra
313 442 507 521 congregatio
532 449 661 501 statuere
678 441 716 500 de
732 441 849 502 meritis
865 459 975 513 cauca,

63 519 113 578 vel
137 519 192 578 ulli
212 519 347 593 auctori,
370 528 421 579 aut
442 519 524 610 operi
547 518 741 598 ignominiam
762 519 911 598 aliquam,
930 521 978 580 vel

63 605 170 657 notam
189 598 273 656 malae
293 596 435 657 doctrinae
455 597 574 657 mserre.

107 675 138 736 5.
153 676 196 734 De
207 674 342 734 doctrina
355 675 424 734 libri
435 674 563 734 Cornelii
580 673 712 734 lansenii
725 673 858 753 Episcopi
873 676 885 733 l
908 693 977 734 ren·

63 754 104 813 sis
117 796 126 824 ‚
141 753 191 830 qui
205 752 379 812 inscribitur
389 753 573 834 Augustinus
581 797 590 827 ,
605 751 675 810 libri
687 770 808 825 omues,
822 760 851 812 et
864 753 885 812 li
924 752 977 823 lli,

64 839 117 890 aut
132 829 263 909 epistolae
277 838 338 889 tam
357 830 507 908 impressa
520 873 528 900 ,
541 847 632 906 quam
645 829 851 966 manuscriptae
861 874 870 902 ‚
882 849 934 891 seu
946 830 978 890 iu

66 917 221 986 posterum
242 905 382 978 edendae,
408 914 437 966 et
459 906 663 985 publicanda,
687 906 792 983 inqui
813 926 848 966 us
869 905 919 968 illa
942 926 978 968 eo

67 985 157 1045 modo
170 985 328 1055 damnata,
341 1003 400 1063 quo
417 1002 482 1044 eam
499 984 650 1044 damnavit
667 984 831 1045 Alexander
843 985 917 1059 Vll,
930 985 978 1045 vel

66 1072 100 1123 ut
113 1071 157 1123 est
173 1063 205 1122 in
218 1063 245 1122 V
258 1063 511 1141 Propositionibus
521 1061 677 1133 damnata,
692 1070 918 1152 propugnatur,
931 1063 979 1122 vel

67 1139 291 1218 quomodolibet
305 1140 504 1232 approbatur,
522 1147 572 1200 aut
585 1139 763 1199 defenditur.

106 1220 138 1279 6.
161 1217 205 1277 De
225 1218 441 1278 Constrtutione
456 1217 514 1278 Uni
532 1217 629 1278 coitus
652 1216 869 1276 Clementis-XI
889 1215 978 1289 libri,

65 1295 185 1373 aliaque
198 1295 305 1374 scripta
316 1340 324 1368 ,
335 1295 367 1354 in
381 1295 489 1374 quibus
504 1235 554 1354 iila
566 1292 689 1354 subdole
705 1293 836 1353 eluditur
848 1337 857 1367 ,
870 1303 981 1356 temere

65 1392 118 1432 car
141 1374 220 1444 itur,
234 1381 286 1432 aut
300 1373 518 1445 contemnitur,
533 1380 563 1432 et
575 1372 777 1450 impugnatur.

127 1458 184 1509 tem
196 1449 296 1521 Libri,
310 1452 370 1511 sive
383 1451 475 1511 libelli
487 1451 534 1510 vel
546 1449 648 1527 scripti
660 1494 668 1523 ,
680 1448 727 1509 vel
736 1449 815 1528 typis
826 1447 898 1510 editi
910 1493 918 1522 ,
930 1458 981 1510 aut

63 1526 176 1587 edendi
190 1526 222 1586 in
233 1525 432 1588 defensionem
445 1527 526 1587 Libri
538 1527 670 1621 inseripti
689 1549 696 1585 ε
712 1528 753 1586 Le
765 1545 899 1587 nouccoo
914 1529 982 1587 Tes-

64 1611 184 1666 tament
206 1621 243 1662 en
264 1605 407 1678 Frontonis
428 1621 495 1662 avec
519 1601 568 1662 dcc
589 1601 756 1740 R‘ffaeim
778 1601 904 1664 ororoles
928 1619 983 1663 eur

61 1681 184 1816 glkaque
203 1685 313 1811 olcrset,
329 1688 380 1738 aut
391 1679 448 1738 alio
463 1677 554 1737 titulo
573 1696 582 1734 ι
600 1678 623 1737 Α
661 1681 708 1760 lqe'
722 1677 758 1738 de
772 1677 803 1739 lo
820 1675 936 1740 Morolc
947 1677 983 1739 dc

79 1757 87 1778 '
124 1772 165 1813 vo
207 1754 219 1813 i
230 1771 262 1827 e,
277 1759 330 1812 etc.
509 1763 511 1768 ·

108 1772 319 1900 Itedeydctus,
340 1830 403 1890 sive
422 1831 623 1889 Instrumenta
642 1828 687 1908 Ap
709 1830 883 1889 ellationum
905 1849 986 1909 quae-

65 1925 218 1986 cunquea
232 1907 446 1968 Constitutione
466 1905 641 1987 Unigenitua
659 1926 675 1965 a
715 1908 879 1967 Concilium
898 1926 986 1987 geue·

65 1987 154 2062 rale3
175 2003 231 2045 nec
253 2003 314 2044 non
336 1984 449 2045 Iudicia
473 1981 711 2061 Theologorum,
733 1994 784 2045 out
802 1986 984 2047 Facultatum

68 2063 338 2142 Theologicarum,
362 2063 423 2122 sive
445 2060 693 2134 Academiarum,
718 2080 879 2140 eorumque
904 2064 985 2124 Deli-

70 2141 260 2212 berationes,
282 2140 536 2209 Consultationes,
554 2137 647 2212 dcta,
671 2141 816 2217 Decreta3
840 2160 984 2220 quorum-

71 2236 192 2296 cunque
205 2219 294 2278 etiam
305 2218 431 2278 oliorum
442 2214 595 2288 Mandata,
610 2217 833 2291 Ordinationes,
849 2221 983 2294 Arrestc,

73 2297 236 2375 llpismlae3
252 2295 509 2374 Interpretationes
523 2293 631 2366 etiam,
652 2303 681 2355 et
701 2297 933 2370 Declarationes,
952 2317 985 2358 ac

73 2375 183 2453 scripta
198 2373 355 2451 quaelibet,
379 2373 487 2452 quibus
506 2389 541 2430 ex
562 2372 726 2447 licationis,
743 2383 793 2435 aut
806 2375 863 2434 alio
881 2377 984 2454 quovis

74 2458 222 2528 praetextu
238 2451 350 2586 aliquid
363 2451 489 2522 dicitur,
505 2389 724 2522 veiscribitum
779 2451 895 2512 odictoe
908 2455 986 2513 (lou-

75 2529 239 2588 stitutionis
251 2547 286 2587 ro
308 2547 345 2588 ur
359 2573 367 2599 ,
382 2538 470 2606 atque
483 2529 638 2588 auctoritas
651 2573 660 2601 ‚
672 2538 702 2587 et
714 2529 752 2589 ob
765 2530 852 2608 igatio
865 2531 961 2591 minui
976 2575 984 2603 ,

76 2615 124 2666 aut
138 2605 261 2684 infringi
275 2607 375 2682 possit.
689 2607 694 2616 ‘

114 2685 147 2743 7.
163 2685 207 2741 De
220 2684 330 2742 Duellis
341 2691 457 2762 agentes
470 2683 559 2754 libri,
575 2685 701 2754 litterae,
721 2683 835 2755 libelli,
856 2684 985 2762 scripta,

79 2761 108 2819 iu
127 2760 239 2838 quibus
258 2761 358 2820 eadem
378 2761 474 2821 duella
490 2762 710 2833 defenduntur,
731 2761 912 2832 suadentur,
934 2759 987 2818 do·

80 2848 196 2897 centur.
220 2838 250 2896 Si
270 2840 321 2916 qui
344 2856 414 2898 vero
439 2837 608 2916 hujusmodi
628 2838 697 2902 libri
720 2838 758 2898 ad
777 2836 991 2898 controversias

44 2972 48 2981 ,
80 2915 240 2986 sedandas,
260 2933 400 2993 pacesque
419 2918 635 2998 componendas
657 2916 743 2975 utiles
764 2933 826 2974 esse
847 2919 989 2989 possunt,

80 2993 256 3072 expurgati,
272 3000 302 3050 et
314 2994 467 3126 approbati
482 2996 708 3072 permittuntur.
967 3064 973 3077 ι

117 3072 149 3130 8.
162 3071 206 3130 De
213 3070 230 3129 J
232 3067 336 3128 oannis
365 3067 409 3126 ald
421 3073 523 3130 asserti
531 3069 874 3144 Anacboretaeprmtensa
884 3071 991 3125 sancti·

82 3156 139 3207 late
153 3192 160 3217 ,
176 3144 349 3211 miraculis,
363 3144 528 3216 vaticiniis,
546 3144 729 3212 visionibus,
749 3142 873 3216 aliisque
887 3139 991 3220 hujus-

83 3225 163 3286 modi
176 3222 270 3303 signis
280 3219 350 3279 libri
363 3261 371 3290 ,
384 3218 496 3278 codices
509 3262 517 3292 ‚
529 3229 559 3279 et
569 3220 638 3279 lolia
652 3235 845 3297 qumcumquc
856 3219 916 3280 sive
928 3239 991 3282 ma·

83 3303 234 3380 rusoripta
248 3343 256 3372 ,
270 3298 332 3357 sive
344 3295 496 3373 impressa.

121 3382 200 3440 Item
218 3375 325 3438 Omnia
347 3380 377 3432 et
396 3372 510 3450 singula
530 3380 734 3452 transumpta,
754 3393 805 3435 seu
818 3376 910 3456 copia
931 3382 993 3435 tam

84 3457 255 3537 impressae,
268 3472 357 3533 quam
367 3450 573 3529 manuscripta
583 3452 698 3514 Decreti
711 3455 849 3515 aVicario
858 3454 993 3514 Generali

85 3533 258 3595 Cassaneusi
273 3529 401 3592 emuncti
416 3573 424 3606 ,
441 3547 493 3608 per
507 3529 586 3607 quod
600 3530 677 3592 idem
688 3533 820 3593 vicarius
835 3548 922 3590 ausus
939 3531 996 3589 luit
