2384 3942
192 213 262 256 xxiv
534 213 709 256 instituentu-

192 302 278 361 iuitio
300 299 395 374 editi,
417 310 446 361 et
464 300 569 361 deinde
593 299 752 379 prohibiti,
775 319 808 359 ac
832 301 962 364 damuati
985 305 1092 368 aSede

191 379 355 458 Apostolica
369 387 456 452 suut,
473 378 562 438 iidem
583 395 701 455 quoque
714 378 745 436 iu
758 397 916 454 quamcum
957 399 974 440 e
993 392 1091 461 postea

190 465 344 516 vertantur
356 457 487 533 linguam
500 499 508 526 ,
523 462 696 514 censeantur
708 455 744 514 ab
757 456 858 515 eadem
876 400 968 531 sedd,
983 461 1093 540 ubique

191 535 343 612 gentium,
359 531 413 592 sub
433 532 543 592 eisdem
563 534 660 611 poenis
670 533 837 607 interdicti,
856 543 887 594 et
911 534 1053 600 damuati.

366 701 415 760 nn
438 703 698 765 cormaricus
719 705 923 764 uranonuu.

608 858 624 935 s
644 862 668 919 1.

230 1013 361 1074 llabeaut
374 1013 507 1092 Episcopi
521 1058 529 1083 ,
545 1020 574 1073 et
586 1014 778 1091 Inquisitores
801 1014 981 1092 conjunctim
1000 1016 1090 1076 iacul-

189 1101 279 1152 tatcm
293 1109 481 1227 quoscuucpuc
501 1091 592 1152 libros
610 1089 693 1168 juxta
712 1094 917 1171 praescriptum
929 1090 1017 1168 hujus
1040 1097 1090 1155 lu-

189 1170 261 1229 dicis
278 1187 427 1248 expurgari
448 1169 478 1240 i,
499 1170 588 1227 etiam
600 1169 632 1227 iu
646 1169 716 1228 locis
728 1171 870 1248 exemptis
884 1214 891 1242 ,
905 1177 936 1229 et
949 1171 1086 1232 Nullius:

189 1246 240 1306 ubi
255 1265 326 1307 vero
343 1246 416 1305 nulli
431 1255 500 1305 suut
521 1247 712 1324 Inquisitores
724 1291 731 1318 ,
744 1249 878 1326 Episcopi
892 1247 957 1307 soli.

227 1333 384 1392 Librorum
396 1349 467 1391 vero
488 1332 659 1410 expurgatio
671 1333 790 1392 nonnisi
805 1333 878 1391 viris
900 1330 1087 1406 eruditione,

188 1419 218 1470 et
229 1410 336 1488 pietate
349 1409 512 1488 insignibus
535 1410 737 1468 committatur
747 1452 760 1480 ,.
768 1410 848 1486 iique
859 1410 919 1468 siut
939 1418 997 1469 tres
1009 1432 1019 1486 ς
1032 1412 1088 1472 nisi

187 1487 281 1557 sorte,
296 1486 477 1547 considerato
491 1503 597 1564 genere
610 1486 699 1556 libri,
713 1495 764 1546 aut
778 1486 944 1547 eruditione
963 1505 1088 1562 eorum,

188 1565 289 1701 quipp
305 1565 335 1624 id
349 1564 515 1642 deligantur
528 1608 537 1637 ,
550 1563 669 1641 plures,
689 1565 737 1624 vel
753 1564 903 1643 pauciores
920 1563 1091 1641 judicentur
1183 1601 1186 1608 ι

188 1661 243 1722 exp
281 1661 335 1702 irc.

228 1729 282 1788 Ubi
306 1726 471 1787 emendatio
484 1724 613 1786 coniecta
632 1726 710 1795 erit,
727 1728 834 1788 notatis
857 1747 888 1787 ca
911 1728 1019 1802 itibus,
1039 1748 1093 1809 pa-

187 1805 357 1886 ragraphis,
384 1814 414 1865 et
436 1805 533 1876 foliis,
559 1822 650 1864 mauu
677 1804 778 1879 illius,
802 1806 847 1865 vel
875 1747 1014 1878 ilorum,
1040 1808 1092 1884 qui

187 1885 414 1963 expurgaveriut
426 1927 434 1952 ,
448 1883 610 1961 subscripta
623 1925 632 1953 ,
644 1882 785 1941 reddatur
803 1882 912 1941 eisdem
929 1885 951 1942 E
974 1884 1091 1961 iscopis,

187 1969 216 2020 et
234 1963 267 2020 ln
290 1959 460 2020 uisitoribus
474 2003 482 2030 ,
496 1967 529 2016 ut
549 1958 724 2048 praelertur3
738 1959 789 2034 qui
810 1959 834 2017 si
856 1975 941 2017 emen
962 1960 1091 2021 ationem

187 2055 278 2114 appro
300 2038 416 2096 averint
428 2078 436 2105 ,
449 2043 520 2093 tunc
540 2033 616 2093 hbcr
629 2042 830 2112 permutatur.

600 2203 617 2286 ς
634 2207 672 2266 11.

188 2365 189 2368 ’
224 2360 282 2434 Qui
307 2359 459 2439 negotium
478 2361 637 2439 susceperit
661 2359 846 2439 corrigendi,
869 2369 957 2439 atque
979 2380 1014 2421 ex
1035 2380 1087 2422 ur-

185 2438 273 2517 gaudi
287 2483 295 2511 ,
311 2437 531 2514 circumspicere
552 2437 670 2508 omnia,
690 2446 720 2496 et
739 2447 849 2499 attente
863 2448 966 2500 notare
977 2439 1014 2499 de
1051 2449 1086 2512 t,

185 2535 246 2577 non
259 2516 355 2576 solum
368 2533 433 2592 quae
446 2515 576 2574 incursu
595 2516 691 2594 operis
712 2517 865 2577 manifeste
883 2535 915 2576 sc
932 2516 1061 2578 offerunt
1076 2563 1085 2592 ,

184 2594 235 2654 sed
252 2594 276 2652 si
288 2613 354 2672 quae
367 2593 398 2652 in
417 2590 553 2667 scholiis,
566 2595 599 2651 in
621 2596 789 2653 summariis
805 2638 813 2666 ,
838 2596 871 2654 in
885 2594 1086 2676 marginibus,

184 2673 216 2732 iu
232 2671 378 2731 iudicibus
396 2668 562 2744 librorum,
576 2672 608 2729 iu
625 2671 861 2748 prefationibus,
887 2681 937 2733 aut
957 2673 1087 2752 epistolis

183 2747 367 2810 dedicatoriis
382 2791 390 2819 ,
405 2754 544 2826 tanquam
558 2748 589 2808 iu
614 2747 747 2819 insidiis,
765 2748 949 2809 delitescunt.

221 2836 293 2910 Quae
300 2843 399 2894 autem
406 2835 585 2894 correctione
597 2877 605 2905 ,
619 2841 706 2910 atque
717 2835 928 2913 expurgatione
941 2833 1085 2913 indigent,

183 2915 243 2975 fere
254 2910 316 2974 haec
328 2919 397 2972 sunt
410 2955 418 2982 ,
432 2929 497 2988 quoe
511 2919 693 2988 sequuntur:

222 2999 437 3078 Propositioues
452 2994 629 3068 -haercticae,
646 3015 795 3072 erronea,
814 2994 950 3059 haeresim
970 3000 1087 3080 sapien-

184 3085 244 3145 tes,
258 3076 450 3146 scandaloso,
464 3076 581 3154 piarum
590 3076 708 3136 aurium
728 3075 876 3137 oliensivae
889 3120 897 3149 ,
910 3080 1085 3152 temerarie,

183 3150 391 3225 schismaticas,
406 3151 550 3213 seditiose
564 3198 572 3226 ,
587 3162 616 3212 et
631 3151 818 3233 blaspheme.

222 3237 293 3308 Quae
315 3247 415 3299 contra
434 3241 690 3300 Sacramcutorum
708 3241 802 3313 ritus,
825 3248 855 3300 et
876 3240 1085 3313 ceremonias,
1173 3310 1176 3313 x

184 3321 343 3391 contraque
359 3325 510 3392 receptum
530 3336 639 3390 usum,
663 3326 693 3378 et
719 3317 961 3378 consuetudinem
981 3328 1087 3378 sauctae

184 3393 321 3450 nomana
333 3392 465 3450 Ecclesiae
481 3396 641 3454 novitatem
662 3397 791 3473 aliquam
813 3395 967 3454 inducunt.

223 3475 354 3535 Prolauae
367 3475 455 3533 ctiam
469 3479 611 3538 novitates
628 3497 734 3538 vocum
754 3481 791 3538 ab
806 3477 952 3538 hereticis
970 3480 1085 3558 excogi-

7 3575 115 3626 h*
185 3559 250 3612 tatae
264 3597 271 3624 ,
286 3562 315 3613 et
328 3550 365 3611 ad
377 3552 537 3614 fallendum
554 3555 738 3615 introductae.
