2384 3942
178 194 268 238 xxxiv
483 193 627 234 nauantem
641 191 718 234 PAPAE
731 192 781 232 ΧΠ

176 295 306 347 veterem
318 285 558 348 deliberationem
578 291 710 343 nostram
726 292 923 357 resumentes,
941 286 1081 362 quemad-

177 365 300 424 modum
317 383 369 432 ea,
387 383 452 442 quoe
471 361 508 420 ad
521 361 667 421 librorum
683 378 825 430 examen,
838 370 926 439 atquc
937 361 1081 439 judicium

177 442 210 500 in
222 444 318 520 primo
330 443 404 502 dicta
415 439 647 516 congregatione
657 439 748 498 sancti
759 437 852 496 Officii
863 441 1061 518 peragendum
1074 486 1081 514 ,

178 521 327 597 pertinent
341 561 349 588 ,
365 517 537 576 auctoritate
549 525 649 576 nostra
661 515 929 590 constabilivimus,
942 518 982 576 ita
995 521 1084 579 etiam

179 614 231 668 ea,
246 617 310 674 quoa
323 593 358 661 ad
371 593 633 671 congregationem
647 594 752 654 lndicis
764 636 773 665 ,
785 602 815 654 et
828 591 957 670 ejusdem
969 597 1085 673 generis

180 675 296 751 negotia
315 670 392 748 apud
407 688 472 730 cam
484 672 640 730 tractanda
651 671 746 730 faeere
757 679 898 748 possunt,
911 675 1085 749 opportunis

178 751 301 810 decretis
310 747 487 808 constituere
496 749 627 808 volentes
638 793 646 820 ,
658 747 828 827 praelaudati
837 747 996 807 cardinalis
1006 751 1086 811 Proc-

179 823 1084 904 fecticonsiliis,dictorumqueconsultorumvotisinhaerendo‚

181 902 243 962 haec
256 903 392 982 deinceps
404 903 546 964 servanda
558 903 755 964 decernimus.

217 1025 273 1120 38.
287 1030 361 1088 cnm
377 1030 569 1109 congregatio
583 1029 690 1090 lndieis
710 1028 747 1088 ad
766 1028 912 1089 librorum
932 1046 1085 1089 censuram

179 1124 281 1178 unica,
296 1115 331 1166 ut
341 1107 453 1167 dictum
466 1116 527 1177 est,
541 1107 674 1166 instituta
685 1151 692 1177 ,
703 1125 763 1166 non
772 1107 811 1165 ita
822 1106 925 1165 crebro
934 1109 1086 1167 convocari

180 1183 289 1254 soleat,
303 1193 336 1243 ut
349 1185 439 1244 altera
453 1185 543 1244 sancti
555 1185 649 1244 Officii
665 1185 876 1276 congregatio,
891 1202 956 1318 oppos
968 1182 1006 1242 ob
1019 1202 1087 1244 cau-

181 1278 280 1320 sarum
292 1262 531 1341 ,etnegotiorum
539 1261 891 1340 multitudinemsrngulis
920 1259 1088 1321 ebdomadis

181 1345 226 1396 ter
234 1336 335 1399 haberi
343 1341 509 1415 consuevit,
523 1341 760 1418 illiuspropterca
772 1339 933 1398 Secretario
942 1338 1088 1429 peculiare

180 1432 307 1485 munus,
319 1416 488 1477 etoflicium
501 1417 660 1494 recipiendi
675 1416 819 1475 librorum
831 1415 1087 1485 denuntiationes,

181 1500 216 1551 ut
226 1491 290 1552 fieri
300 1492 362 1570 jam
375 1502 443 1554 ante
459 1494 629 1565 consucvit,
644 1494 876 1564 committimus,
891 1503 921 1553 et
932 1493 1090 1553 demanda-

180 1585 257 1628 mus.
267 1573 294 1629 ls
306 1580 405 1631 autem
416 1589 432 1630 a
442 1572 510 1631 libri
522 1570 653 1631 delatore
664 1570 904 1649 percunctabitur
917 1571 1088 1649 diligenter,

183 1664 256 1723 quas
278 1648 316 1708 ob
337 1667 435 1708 causas
456 1650 540 1708 illum
561 1647 712 1728 prohiberi
729 1649 878 1727 postulet,
897 1657 962 1708 tum
979 1649 1090 1708 librum

183 1723 282 1801 ipsum
302 1724 381 1786 haud
405 1726 605 1805 perfunctorie
626 1727 796 1804 pervolvct,
817 1733 851 1785 nt
872 1726 909 1785 de
934 1727 1092 1817 preposite

183 1804 373 1864 accusationis
386 1804 571 1864 subsistentia
583 1811 752 1882 cognoscat,
761 1803 877 1863 duobus
887 1805 975 1863 etiam
985 1823 1015 1863 m
1026 1822 1091 1863 eam

183 1898 248 1939 rem
270 1880 408 1942 adhibitis
429 1882 671 1950 consultoribus,
694 1880 835 1958 abipso,
853 1882 962 1959 praevia
982 1882 1091 1940 summi

183 1957 356 2030 pontilicis,
371 1968 421 2019 aut
430 1959 591 2019 Cardinalis
601 1957 730 2016 Praefecti
739 2000 747 2029 ,
757 1959 804 2018 vel
815 1955 892 2034 ejus,
904 1956 953 2035 qui
962 1957 1093 2018 Praefecti

183 2033 260 2098 ,vices
280 2037 414 2112 supplet,
435 2035 644 2114 approbatione
658 2034 822 2113 eligendis:
839 2051 966 2112 quorum
985 2034 1091 2096 collato

184 2112 326 2182 consilio,
340 2113 364 2170 si
379 2112 453 2170 liber
467 2129 589 2171 censura
600 2156 607 2177 ,
619 2120 648 2171 et
659 2120 729 2171 nota
738 2112 843 2190 dignus
852 2111 1001 2184 videatur,
1015 2131 1093 2172 unus

185 2186 291 2264 aliquis
299 2188 409 2248 relator
417 2189 454 2248 ad
464 2189 619 2248 ferendum
627 2189 705 2250 deeo
710 2187 855 2265 judicium
864 2187 986 2247 idoneus
996 2233 1004 2260 ,
1014 2189 1093 2249 ilbus

186 2281 294 2342 nempe
302 2265 445 2326 facultatis
457 2267 510 2336 ,de
518 2285 575 2342 qua
584 2267 617 2325 in
626 2267 703 2325 libro
711 2267 825 2346 agitur,
836 2265 948 2344 peritus
957 2310 965 2335 ,
975 2266 1092 2337 eadem,

187 2359 277 2418 quem
300 2362 340 2401 nu
380 2362 396 2402 r
421 2344 596 2414 innuimus,
618 2344 733 2404 ratione
758 2342 909 2423 eligendus
934 2344 1014 2416 erit,
1040 2345 1092 2435 qui

186 2418 295 2554 scripto
306 2439 339 2479 re
350 2428 413 2480 erat
425 2421 691 2482 animadversiones
703 2440 786 2494 suas,
799 2419 944 2480 adnotatis
959 2422 1092 2498 paginas,

187 2495 237 2573 qui
260 2516 293 2556 us
310 2498 424 2576 singula
442 2499 477 2558 ab
491 2499 553 2576 ipso
566 2497 744 2577 reprehensa
760 2499 959 2558 continentur.
973 2499 1029 2560 Sed
1040 2517 1094 2560 an-

187 2582 305 2652 tequam
326 2573 388 2710 epps
409 2593 529 2635 censura
552 2576 588 2636 ad
613 2576 812 2637 Cardinalium
831 2576 1094 2653 Congregationem

186 2650 317 2724 feratur,
364 2653 443 2714 abcri
468 2653 605 2714 volumus
624 2654 769 2732 privatam
789 2653 996 2712 consultorum
1017 2655 1095 2714 con-

187 2731 387 2807 gregationem
400 2775 407 2799 ,
421 2749 510 2808 quam
528 2732 600 2791 olim
613 2733 746 2792 Pernam
758 2729 916 2797 dixerunt,
930 2747 984 2788 nos
996 2738 1096 2790 autem

186 2807 441 2888 Praeporatoriom
453 2808 622 2868 vocabimus
634 2852 642 2879 ,
657 2816 691 2868 ut
703 2807 847 2867 Relatoris
864 2806 1096 2868 animadversio·

188 2885 275 2945 nibus
294 2886 330 2946 ad
350 2886 461 2946 librum
480 2885 611 2955 collatis,
631 2885 786 2944 decorum
805 2883 935 2962 pondere
949 2882 1096 2960 judicium

188 2961 249 3024 fiat.
263 2962 437 3042 Hujusmodi
446 2963 638 3040 Congrcgatio
646 2963 736 3021 semel
746 2964 868 3022 omniuo
880 2962 1003 3040 singulis
1012 2982 1098 3024 men·

188 3039 847 3118 sibuS,autet1amsaepius,sioportuerit,ab
858 3039 922 3118 ipso
932 3041 1097 3132 Congrege-

189 3117 276 3178 tionis
290 3119 451 3182 Secretario
462 3115 647 3178 convocanda
660 3117 734 3189 erit,
748 3118 796 3176 vel
809 3117 841 3176 in
856 3119 917 3178 suis
934 3118 1096 3190 cubiculis,

188 3193 236 3252 vel
247 3199 478 3272 opportuniore,
492 3203 525 3256 ut
535 3195 590 3274 ipsi
601 3195 749 3256 videbitur
760 3239 768 3265 ,
781 3195 863 3266 loco,
877 3196 955 3256 intra
965 3196 1097 3273 predicti

189 3270 319 3331 coenobii
339 3276 432 3344 tedes,
446 3273 497 3334 ubi
510 3273 534 3332 is
546 3281 756 3334 commoratur.
769 3273 860 3350 Eique
874 3290 989 3350 semper
1002 3273 1097 3334 iuter·

190 3348 247 3408 crit
272 3349 408 3428 Magister
430 3351 502 3410 sacri
523 3351 625 3411 Palatii
644 3370 698 3430 pro
718 3359 852 3427 tempore
872 3351 1017 3419 existens,
1038 3368 1098 3411 una

191 3443 258 3486 cum
270 3444 320 3485 ser
333 3425 396 3484 aliis
412 3444 429 3483 e
447 3445 571 3487 numero
586 3428 817 3497 consultorum,
830 3425 952 3502 singulis
965 3425 1097 3499 vicibus,

191 3521 245 3580 pro
265 3503 404 3582 qualitate
417 3503 603 3580 argumenti,
622 3512 653 3563 et
664 3503 814 3574 materiae,
828 3502 865 3562 de
877 3520 935 3578 qua
946 3501 1098 3582 disputan·
