2384 3942
946 0 1093 30 Paul!
1102 0 1174 31 un
1187 0 1323 35 [uhu
1332 0 1367 30 Ι
1379 12 1394 28 ο
1964 0 2069 36 ‘141

246 107 343 132 .—-
385 76 615 136 Lettera
658 73 855 137 scritta
903 73 977 132 ad
1038 92 1156 132 una
1222 73 1485 152 figliuola

344 153 648 232 spirituale
671 196 687 225 ‚
720 151 872 210 nella
913 151 1086 228 quale
1131 149 1415 229 l'insegna
1441 151 1484 210 il

348 227 456 309 piu
492 248 672 320 puro,
725 247 758 288 e
801 228 1053 307 perfetto
1093 228 1303 306 spirito
1344 227 1518 288 dell'·

353 326 643 368 orazione.

267 418 348 430 --
387 386 610 444 Lettera
654 383 852 464 scritta
877 382 951 441 ad
987 401 1072 440 un
1101 381 1390 474 Religioso
1421 383 1482 441 in

339 462 518 521 difesa
562 461 659 522 del
685 459 862 521 modo
888 459 1223 519 d’orazione
1245 479 1309 518 in
1334 478 1482 537 pura

337 539 490 599 fede.

251 623 419 683 'Falsa
447 622 591 703 (de),
621 634 680 685 et
710 643 850 683 vera
883 621 1060 681 unius
1079 621 1184 680 Dei
1229 621 1449 693 PatriS‚
1497 630 1557 681 et
1594 622 1761 694 Filii,
1803 632 1863 683 et
1894 623 2079 701 Spiri-

335 711 430 763 tus
459 701 655 760 Sancti
685 701 1018 779 cognitione
1056 699 1194 757 libri
1232 698 1349 758 duo
1376 742 1391 771 ‚
1418 701 1776 759 Auctoribus
1792 701 2077 760 Ministris

337 777 729 838 Ecclesiarum
759 777 1260 838 consentientium
1304 776 1367 834 in
1416 777 1702 836 Sarmatia
1725 822 1741 850 ,
1787 785 1845 836 et
1889 780 2078 838 Tran-

246 871 253 876 ’
335 856 622 935 sylvania.
647 855 820 934 (App.
860 853 990 914 Ind.
1021 851 1215 930 Trid.)

260 940 503 1002 familie
545 938 645 1019 (la)
679 939 1030 1001 Chretienne
1053 956 1188 997 sous
1215 939 1271 997 la
1294 937 1571 997 conduite
1625 938 1699 998 de
1734 942 1794 1001 S.
1835 940 2073 1021 Joseph.

338 1019 532 1099 (Decr.
563 1020 639 1079 50
665 1019 830 1078 Junii
854 1013 1061 1094 1671.)

259 1105 519 1164 Farellus
547 1103 916 1164 Guillielmus
939 1101 990 1181 (1
1017 1100 1101 1161 Cl.
1125 1099 1258 1159 Ind.
1302 1098 1492 1179 Trid.)

258 1181 586 1335 Faseipdssfs
653 1180 932 1261 Myrrhae.
1011 1180 1255 1240 Genevoe
1324 1177 1667 1259 impressus.
1709 1179 1880 1259 (App.
1939 1181 2086 1243 Ind:

255 1260 587 1477 Fa}icpius
612 1359 816 1402 rerum
846 1342 1309 1420 expetendarum
1328 1385 1344 1415 ,
1378 1360 1443 1400 ac
1460 1341 1896 1422 fugiendarum.
1936 1343 2075 1406 Vide

388 1436 454 1476 ra
485 1436 600 1476 ius.

257 1504 413 1564 Fasti
465 1502 796 1562 Academici
846 1503 1038 1563 Studii
1099 1501 1387 1580 generalis
1442 1506 1844 1567 LovaniensiS..
1882 1509 2076 1564 Donec

334 1581 694 1661 corriyatur.
741 1579 932 1659 (Beer.
969 1580 1042 1637 15
1067 1579 1419 1639 Novembris
1447 1579 1647 1658 1622.)

257 1667 411 1726 Fatti
446 1665 777 1724 Scritturali
826 1662 1178 1724 dell'Antico
1198 1707 1213 1732 ‚
1241 1680 1274 1721 e
1302 1665 1355 1723 N
1361 1682 1509 1723 uovo
1556 1667 1927 1724 Testamento
1983 1684 2075 1724 ac-

337 1743 706 1820 compagnati
746 1743 820 1802 da
844 1741 1050 1801 Morali
1076 1784 1092 1812 ‚
1126 1758 1160 1798 e
1185 1740 1384 1799 divote
1420 1739 1731 1801 riflessioni
1764 1750 1881 1801 atte
1905 1760 1935 1799 a
1959 1741 2076 1802 for-

336 1837 502 1879 mare
531 1820 629 1878 nei
653 1819 898 1878 Giovani
929 1819 968 1877 il
995 1819 1156 1877 huon
1178 1826 1461 1877 costume.
1492 1821 1692 1880 Donec
1719 1819 2071 1900 corriyatur.

337 1896 533 1976 (Decr.
580 1898 616 1956 5
656 1897 899 1976 Augusti
927 1895 1128 1972 1855.)

245 1982 950 2138 'Favfnfiffiusngssmus’
979 1981 1086 2064 qui
1108 1987 1165 2040 et
1194 1977 1515 2062 Philippus
1538 1977 1973 2043 Melanchthon..
2012 1983 2066 2063 (1

335 2063 375 2118 C
405 2103 419 2118 .
471 2079 510 2120 n
561 2103 575 2118 .
656 2060 707 2118 ri
758 2063 772 2117 .

257 2138 441 2196 Favre
482 2137 673 2215 (ΜΓ)
698 2138 922 2196 Lettres
954 2135 1285 2209 &distantes
1316 2144 1376 2196 et
1392 2136 1686 2196 eurieuses
1703 2155 1805 2197 sur
1827 2138 1880 2197 la
1901 2138 2070 2198 visite

334 2215 718 2294 Apostolique
746 2215 820 2274 de
844 2215 925 2274 M.
956 2215 1029 2274 de
1055 2216 1384 2275 La-Baume
1402 2258 1418 2283 ‚
1448 2214 1681 2292 Eveque
1713 2215 1786 2274 de
1812 2216 2069 2281 Halicar-

335 2309 503 2350 nasse
534 2290 567 2350 a
605 2292 660 2349 la
683 2290 1097 2352 cochinchine.
1124 2292 1315 2372 (Decr.
1339 2293 1414 2352 16
1444 2292 1826 2370 Junii1746.)

259 2367 458 2447 Fayus
475 2369 755 2430 Antonio.
778 2368 830 2448 (1
863 2368 947 2427 Cl.
978 2372 1132 2447 App.
1167 2369 1361 2446 Trid.)
1414 2383 1419 2389 ·

250 2452 578 2513 Febronius
605 2454 893 2512 Justinus.
911 2455 1161 2512 Destatu
1185 2453 1475 2520 Ecclesiae,

330 2538 389 2589 et
415 2530 674 2608 legitima
697 2537 983 2609 potestate
1003 2530 1259 2590 Romani
1284 2530 1479 2588 Ponti-

329 2607 476 2666 ficis.
495 2607 670 2667 Liber
685 2607 997 2685 singularis
1017 2606 1090 2666 ad
1114 2607 1476 2666 reuniendos

1614 265 1806 346 (Decr.
1851 269 1878 325 1
1908 268 2079 348 Apri-

1703 345 1776 405 lis
1802 345 2000 423 1688.)

239 2696 245 2702 ·
327 2683 679 2744 dissidentes
699 2685 763 2744 in
788 2686 1098 2764 Religione
1115 2683 1475 2747 Christianos

329 2762 704 2837 compositus.
1432 2815 1438 2825 ,
1644 2763 1836 2840 (Decr.
1856 2760 1933 2818 27
1967 2760 2079 2818 Fc-

243 2869 332 2883 --·
369 2833 645 2911 Ejusdem
677 2836 882 2913 Operis
906 2838 1085 2899 editio
1107 2839 1313 2896 altera.
1766 2836 1990 2895 bruarii

246 2947 333 2962 --
374 2911 685 2990 Appendix
703 2912 919 2989 prima.
1764 2912 1967 2990 1764.)

245 3028 329 3040 --
371 2988 680 3067 Appendix
691 2989 965 3047 secunda.
983 2987 1301 3049 Justiniani
1322 2988 1473 3048 Novi

329 3065 866 3127 animadversiones
890 3066 952 3123 in
997 3064 1313 3125 Justiniani
1366 3067 1476 3124 Fe-

329 3144 520 3206 lirnnii
549 3143 864 3222 Epistulam
888 3143 956 3202 nd
984 3145 1042 3202 Ε]
1056 3141 1453 3202 .v.Jus÷tin111u

332 3222 688 3282 I='[·hruni,111]1
732 3222 916 3278 lutum
960 3222 1032 3278 dr.
1072 3222 1329 3298 flagitium
1379 3242 1469 3298 [u]-
1561 3258 1582 3334 J,

332 3310 532 3362 testari:
572 3301 796 3362 Summi
832 3302 1148 3358 Pontium.
