2384 3942
473 236 669 278 constituito.
945 240 1034 282 ΧΧΧΙΧ

168 320 185 402 §
205 313 482 380 lutubensis
499 320 710 398 opinionibus,
728 329 817 399 atque
828 323 979 383 sententiis
1002 324 1034 381 in
1067 334 1069 337 ·

129 407 309 478 unoquoque
327 397 405 458 libro
424 399 585 471 contentis,
606 399 705 458 animo
732 416 749 456 a
771 398 949 478 praejudiciis
968 418 1034 460 om-

132 476 219 535 nibus
230 493 339 546 vacuo,
355 473 548 552 judicandum
566 475 623 536 sibi
645 494 707 535 ease
730 475 835 536 sciant.
860 478 961 553 ltaque
981 496 1035 537 na-

134 554 237 626 tionis,
250 552 389 624 familias‚
404 551 526 624 scholae,
552 553 679 612 instituti
703 551 840 613 aflectum
863 555 1010 614 excutiant
1026 577 1035 627 3

135 629 227 690 studia
239 631 371 710 partium
391 638 554 708 seponant3
566 631 699 691 Ecclesiae
710 640 817 692 sancta
833 631 991 710 dogmata,
1007 640 1037 690 et

134 726 320 768 communem
349 706 566 768 Catholicorum
591 707 775 780 doctrinam,
798 727 865 791 quae
890 709 1037 769 Concilio-

131 805 198 844 rum
226 785 410 866 generalium
440 784 590 857 decretis,
623 787 825 847 Romanorum
858 786 1038 848 Pontificum

131 862 417 934 constitutionibus,
448 872 478 922 et
508 861 750 924 orthodoxorum
779 865 919 935 Petrum,
948 884 965 924 a
1000 882 1039 922 ue

131 941 295 1000 Doctorum
307 957 450 1000 consensu
465 942 652 1012 continetur,
677 941 765 1000 unice
788 959 850 1019 prm
869 872 1006 1002 oculiad]

131 1017 220 1078 beant
233 1039 242 1095 3
254 1017 310 1078 boc
331 1017 369 1077 do
388 1025 484 1078 cetero
503 1018 681 1097 cogitantes,
699 1036 761 1078 non
774 1037 879 1096 paucas
891 1037 953 1080 esse
972 1018 1038 1098 opi-

132 1095 258 1167 niones,
280 1113 346 1174 quae
364 1095 416 1154 uni
440 1093 563 1167 scholas,
581 1096 733 1168 instituto,
755 1104 807 1155 eut
823 1097 936 1156 nationi
958 1104 1038 1156 certo

132 1174 272 1233 certiores
301 1171 456 1252 videntur,
482 1181 513 1232 et
534 1171 753 1243 nibilominus,
776 1173 841 1232 sine
861 1173 923 1236 ullo
944 1173 1037 1244 fidei,

133 1259 184 1320 aut
193 1251 343 1328 religionis
358 1249 556 1322 detrimento,
577 1251 615 1311 ab
634 1251 699 1309 aliis
712 1247 867 1311 Catholicis
878 1252 951 1312 viris
967 1250 1040 1328 reji-

133 1327 270 1400 ciuntur,
284 1335 372 1406 atque
385 1327 610 1407 impugnantur,
619 1327 817 1406 oppositaeque
827 1327 1039 1398 defenduntur,

131 1405 242 1464 sciente
250 1424 283 1464 ac
289 1405 481 1497 permittente
491 1405 656 1484 Apostolioa
664 1405 756 1476 Sede,
769 1424 835 1482 quoe
844 1423 1041 1483 unamquam-

134 1499 193 1618 qulp
215 1483 387 1562 opinionem
398 1481 568 1561 hujusmodi
589 1483 623 1544 in
637 1501 691 1544 suo
711 1481 926 1563 probabilitatis
946 1483 1039 1562 gradu

135 1576 169 1616 re
193 1560 290 1636 nquit.

175 1653 261 1733 §itt
283 1656 334 1713 lv.
354 1657 416 1714 lloc
440 1674 557 1732 quoque
575 1658 733 1734 diligenter
744 1656 1042 1718 animadvertendum

139 1747 314 1799 monemus,
345 1729 426 1788 baud
443 1739 557 1789 rectum
576 1731 722 1806 judicium
745 1734 782 1792 de
807 1753 878 1793 vero
906 1734 1041 1792 Auctoris

140 1823 227 1866 sensu
239 1804 304 1864 fieri
328 1805 504 1884 possc‚nisi
525 1808 607 1865 omni
625 1825 661 1865 ex
685 1818 768 1885 parte
793 1809 873 1867 illius
896 1809 972 1866 bbcr
1001 1809 1045 1865 le>

140 1891 246 1960 gatur3
275 1900 399 1960 quaeque
422 1881 545 1942 diversis
567 1883 600 1942 in
627 1883 699 1942 locis
718 1883 832 1961 posita,
854 1892 884 1943 ot
907 1885 1045 1943 collocata

138 1968 228 2031 sunt,
253 1959 331 2018 inter
342 1978 374 2018 se
389 1968 619 2038 comparentur3
641 1957 813 2027 universum
830 1969 972 2041 praeterea
985 1962 1046 2020 bu·
1083 1961 1086 1969 '

138 2036 226 2097 ctoris
251 2037 427 2109 consilium,
452 2045 482 2096 et
510 2037 681 2099 institutum
706 2047 820 2108 attente
851 2038 1043 2117 dispiciatur3

138 2131 236 2190 neque
254 2131 324 2174 vero
344 2132 381 2174 ex
400 2133 476 2187 una,
489 2115 536 2174 vel
550 2113 641 2175 altera
654 2117 854 2194 propositione
874 2135 891 2175 a
906 2133 959 2176 suo
972 2135 1045 2176 con-

138 2200 219 2257 textu
239 2189 371 2264 divulsa,
403 2192 448 2251 vel
474 2193 597 2252 seorsim
615 2193 653 2253 ab
683 2193 770 2266 aliis,
798 2214 864 2272 quae
884 2195 916 2253 in
937 2193 1042 2254 eodem

138 2269 216 2328 libro
242 2269 453 2341 continentur,
478 2269 680 2341 considerato,
708 2279 738 2330 et
771 2289 917 2350 expensa,
943 2271 980 2331 de
1007 2291 1045 2332 co

138 2345 392 2423 pronuntiandum
412 2365 473 2405 esse
489 2365 586 2426 ,saepe
610 2348 691 2406 enim
713 2349 837 2419 accidit,
860 2357 895 2408 nt
908 2350 987 2426 quod
1006 2350 1043 2407 ab

139 2423 266 2482 Auctore
280 2423 312 2483 in
333 2424 432 2502 aliquo
450 2425 547 2502 operis
570 2425 634 2486 loco
658 2425 878 2504 perfunctorie,
899 2435 951 2486 aut
974 2427 1045 2486 sub-

139 2500 262 2559 obscure
283 2501 425 2560 traditum
446 2511 507 2574 est,
530 2501 571 2562 ita
595 2502 653 2562 alio
672 2503 704 2563 in
729 2503 793 2564 loco
814 2504 971 2576 distincte,
995 2522 1045 2564 co·

138 2578 238 2656 piose,
265 2595 298 2636 ac
314 2578 440 2638 dilucide
453 2579 633 2658 explicetur,
653 2588 688 2641 ut
700 2579 799 2640 oliusae
816 2582 908 2660 priori
926 2588 1047 2640 senten-

139 2655 188 2712 tioe
214 2655 366 2726 tenebrae,
391 2656 498 2732 quibus
527 2657 660 2719 involuta
682 2659 764 2735 pravi
796 2677 898 2719 sensus
918 2658 1046 2736 speciem

138 2730 313 2814 exhibebat,
353 2734 450 2793 enitus
464 2733 671 2812 dispellantur,
682 2737 838 2815 omnisque
850 2735 924 2794 labis
942 2752 1046 2811 expers

139 2810 305 2887 propositio
339 2811 515 2888 ignoscatur.

178 2903 194 2996 ὃ
213 2907 261 2966 19.
272 2908 309 2967 V.
324 2908 407 2982 Quod
421 2909 445 2968 si
458 2910 596 2990 ambigua
604 2910 739 2988 quoedam
748 2908 912 2973 exciderint
920 2909 1045 2978 auctori,

139 3002 191 3062 qur
212 2985 344 3061 alioquin
364 2985 528 3047 Catholicus
554 2989 615 3058 sit,
641 2996 672 3046 et
686 2989 800 3065 integra
818 2983 969 3060 religionis
994 2984 1048 3044 do-

140 3061 305 3148 ctrinaeque
329 3060 424 3132 iama,
448 3065 569 3141 aequitas
594 3065 657 3141 ipsa
678 3064 829 3152 postulare
849 3059 987 3133 videtur,
1011 3072 1046 3122 ut

139 3137 203 3214 ejus
229 3136 306 3196 dicta
323 3136 470 3214 benigne,
498 3150 644 3214 quantum
667 3139 805 3209 licuerit,
826 3135 987 3215 explicata,
1013 3141 1045 3202 iu

139 3215 250 3276 bonam
268 3220 383 3290 partem
395 3213 586 3290 accipiantur.

187 3317 272 3412 μθ.
297 3317 354 3376 llas
379 3331 487 3393 porro,
508 3317 676 3395 similesque
708 3321 840 3400 regulos,
872 3342 939 3401 quae
966 3323 1044 3401 apud

140 3406 270 3478 optimos
297 3394 459 3472 Scriptores
482 3393 519 3454 dc
541 3393 587 3454 bis
613 3406 729 3475 agentes
754 3398 837 3460 facile
864 3410 1044 3470 occurrent,

140 3493 259 3554 semper
275 3473 374 3534 animo
390 3473 551 3549 propositas
569 3473 695 3535 babeant
713 3479 852 3538 Censores
871 3486 900 3537 et
922 3479 1046 3538 Consul-

141 3563 239 3631 tores3
251 3569 310 3631 quo
333 3550 447 3612 valeant
460 3594 467 3622 ‚
482 3551 512 3612 in
534 3549 589 3614 hoc
608 3555 778 3634 gravissimo
788 3555 905 3690 judicii4
914 3573 1021 3632 genere
1037 3596 1044 3623 ,
