2384 3942
205 193 298 236 xtvnt
595 192 729 234 muers.

200 281 352 342 definitive
360 281 566 361 pronuntiare,
579 282 717 341 cumdem
729 282 873 341 loannem
884 283 971 343 suisse
982 284 1014 344 iu
1030 303 1112 362 quasi

200 361 379 440 possessione
393 360 508 431 cultus,
527 366 618 435 atque
630 359 697 418 ideo
713 358 746 418 in
760 376 795 417 eo
807 361 1071 423 manutenendum.

242 453 272 512 9.
286 453 365 514 Libri
383 467 486 508 omnes
498 448 721 511 immunitatem
733 451 883 510 Bonorum
900 453 1113 516 Ecclesiastico-

201 549 272 590 rum
285 530 504 608 impugnantes.

240 625 289 683 10.
303 624 346 679 De
357 619 486 678 Luminis
499 620 647 699 plumbeis
662 619 787 682 Arabico
805 639 961 695 sermone,
984 632 1016 683 et
1035 624 1111 686 anti-

201 701 265 778 quis
288 695 502 757 characteribus
526 699 720 777 conscriptiS‚
740 718 774 757 ac
795 698 827 758 in
849 700 980 759 cavernis
1004 703 1113 763 montis

200 773 389 854 lllipulitani‚
408 772 479 833 dicti
499 775 599 848 Sacri,
619 794 712 868 prope
732 776 889 837 Granatam
912 779 1060 856 repertis,
1082 787 1112 839 et

151 855 155 864 '
199 855 236 913 de
258 851 417 930 Scripturis
438 851 470 910 in
491 853 568 913 turri
592 855 739 933 Torpruna
761 850 893 931 ejusdem
916 855 1041 914 civitatis
1064 857 1111 916 in-

199 929 314 1001 ventis,
338 929 406 988 libri
430 947 552 1004 omnes,
569 931 742 1002 Tractatus,
762 932 931 1010 Responsa,
949 933 1110 1006 consulta,

200 1005 432 1076 commentarii,
453 1007 560 1067 Glossae
573 1052 580 1080 ,
595 1008 820 1078 Additamento,
834 1008 1063 1082 dnnotationeS,
1080 1020 1111 1071 et

201 1101 394 1162 quaecumque
408 1083 463 1143 alia
475 1129 483 1157 ,
495 1085 556 1144 sive
564 1086 762 1165 manuscripta
773 1131 782 1156 ,
792 1086 854 1146 sive
866 1094 879 1145 t
921 1086 945 1146 is
957 1086 1109 1164 impressa.

200 1163 258 1220 Alii
278 1179 348 1220 vero
371 1160 440 1221 libri
455 1206 463 1233 ‚
479 1162 540 1221 sive
555 1170 714 1236 tractatus,
731 1164 782 1240 qui
803 1161 840 1222 ad
860 1165 916 1222 aia
938 1173 1110 1241 argumenta

199 1246 349 1318 spectant,
364 1237 459 1298 obiter
473 1257 542 1298 vero
561 1239 598 1299 de
612 1239 659 1299 bis
672 1240 801 1300 Luminis
814 1285 821 1312 ‚
834 1240 880 1300 vel
893 1240 929 1299 de
941 1259 1043 1300 earum
1055 1242 1110 1302 do-
1185 1276 1186 1279 ¹

200 1316 294 1376 ctrina
315 1323 460 1389 tractant,
475 1318 712 1396 permittuntur,
725 1319 877 1397 expunctis
892 1318 981 1392 locis,
995 1337 1061 1396 quae
1073 1319 1111 1380 de

200 1391 247 1453 his
261 1394 389 1454 Luminis
404 1402 505 1471 agunt.

240 1489 289 1548 ll.
303 1487 347 1547 Dc
360 1487 410 1546 SS.
425 1487 571 1565 Apostolis
584 1489 671 1548 Petro
682 1533 690 1562 ,
701 1496 730 1548 et
743 1488 834 1549 Paulo
847 1488 916 1549 libri
928 1507 1030 1549 omnes
1047 1497 1110 1550 tam

200 1565 358 1702 impressi,
382 1582 470 1642 quam
490 1566 700 1644 manuscripti,
721 1567 753 1626 in
774 1566 882 1644 quibus
902 1568 1057 1640 asseritur,
1079 1577 1109 1627 et

200 1642 237 1702 de
249 1643 384 1714 endrtur,
395 1642 474 1720 quod
486 1643 516 1702 S.
527 1644 630 1702 Petrus
642 1687 650 1716 ,
660 1652 689 1703 et
699 1645 730 1704 S.
740 1643 847 1704 Paulus
859 1652 928 1704 sunt
939 1645 999 1705 duo
1012 1643 1109 1704 Eccle-

200 1720 414 1856 siacl’rinciqcs
427 1764 435 1790 ,
450 1719 502 1797 qui
521 1720 642 1779 unicum
655 1720 807 1781 efficiunt:
826 1722 874 1780 vel
890 1731 959 1782 sunt
977 1722 1037 1782 duo
1054 1723 1109 1781 Ec-

201 1799 295 1858 clesiae
315 1799 367 1857 Cat
390 1798 470 1858 olicae
491 1795 668 1876 Coryphaei,
686 1817 719 1857 ac
736 1800 866 1877 supremi
883 1801 976 1858 Duces
994 1817 1108 1858 summa

156 1893 159 1898 ·
201 1877 280 1936 inter
292 1892 323 1934 se
339 1875 451 1935 unitate
463 1873 611 1951 conjuncti
627 1895 634 1932 ε
649 1875 696 1933 vel
710 1885 779 1934 sunt
791 1876 926 1953 geminus
936 1874 1110 1935 universalis

201 1952 334 2013 Ecclesiae
354 1961 472 2021 vertex,
490 1953 540 2027 qui
556 1952 588 2010 in
604 1969 699 2010 unum
717 1951 899 2011 divinissime
912 1951 1106 2013 coaluerunt:

200 2031 248 2088 vel
260 2037 329 2087 sunt
342 2028 401 2086 duo
414 2027 546 2086 Ecclesiae
556 2029 664 2086 summi
678 2029 809 2087 Pastores
819 2071 827 2098 ,
837 2045 869 2085 ac
882 2026 1040 2099 Praesides,
1055 2030 1108 2107 qui

200 2107 322 2165 unicum
336 2112 422 2183 caput
429 2104 612 2162 constituunt
624 2112 727 2194 ,atque
735 2102 796 2163 haec
806 2105 846 2163 ita
855 2103 1056 2181 explicantur,
1074 2115 1110 2166 ut

223 2191 329 2242 onatur
340 2181 508 2240 omnimoda
522 2181 670 2258 equalitas
681 2191 758 2242 mter
766 2182 797 2242 S.
807 2183 942 2253 Petrum,
955 2190 984 2241 ct
992 2183 1023 2241 S.
1033 2185 1109 2242 Pau-

200 2201 265 2318 lum
278 2259 341 2318 sine
354 2258 593 2318 subordinatione
606 2259 636 2317 S.
652 2260 734 2318 Pauli
748 2257 785 2318 ad
797 2259 828 2320 S.
848 2261 969 2319 Petrum
982 2259 1013 2319 in
1024 2271 1108 2338 pote-

201 2344 275 2396 state
287 2353 424 2414 suprema
439 2335 610 2394 universalis
621 2337 765 2396 Ecclesiae.

241 2430 289 2489 la.
305 2430 349 2487 De
366 2446 434 2487 vcra
448 2471 456 2500 ,
471 2435 501 2488 et
518 2446 578 2487 non
597 2429 762 2509 interrupta
780 2429 958 2491 successione
976 2429 1109 2490 filiorum

201 2509 232 2566 S.
241 2506 385 2566 Francisci
396 2549 404 2576 ,
414 2513 444 2565 et
451 2505 659 2566 deveraforma
667 2508 780 2584 Caputii
789 2506 919 2583 ejusdem
927 2507 995 2567 libri
1006 2525 1110 2566 omnes

200 2583 356 2662 impressi,
371 2591 400 2641 et
412 2583 462 2660 qui
482 2583 645 2642 inconsulta
661 2602 740 2642 sacra
755 2585 984 2663 congregatione
1001 2584 1109 2661 impri-

201 2670 339 2732 mantur,
353 2668 509 2720 tractantes
517 2657 592 2720 banc
604 2661 737 2720 eamdem
750 2662 989 2722 controversiam.
1173 2729 1176 2737 ,

240 2755 289 2815 15.
309 2754 447 2832 Pasquilli
461 2771 562 2813 omnes
580 2773 617 2812 ex
636 2755 734 2814 verbis
751 2773 840 2814 sacrae
856 2755 1016 2833 Scripturoe
1035 2769 1109 2813 oon-

201 2833 281 2895 lecti.

238 2922 313 2980 Item
330 2917 468 2995 Pasquilli
487 2935 588 2976 omnes
606 2917 696 2976 ctiam
716 2916 929 2996 manuscripti,
945 2933 1107 2994 omnesque

200 2996 445 3075 conscriptiones,
459 2995 491 3053 in
505 2995 613 3071 quibus
625 2994 706 3067 Deo,
724 3004 774 3055 aut
787 2995 918 3065 Sanctis,
934 3002 986 3052 aut
1004 2994 1106 3053 Sacra-

200 3075 321 3145 mentis,
336 3081 387 3134 aut
396 3071 551 3132 Catholicae
561 3072 714 3146 Ecclesia,
728 3071 831 3149 atejus
843 3072 934 3132 cultui
946 3116 954 3145 ,
966 3079 1017 3130 aut
1026 3072 1106 3149 dpu-

199 3151 307 3210 stolicac
317 3152 384 3211 Sedi
396 3149 672 3228 quomodocumque
684 3149 860 3210 detrahitur.

239 3234 287 3292 11.
301 3236 379 3293 Libri
389 3253 490 3295 omnes
504 3246 622 3316 agentes
635 3280 644 3312 ,
657 3245 691 3297 ut
702 3237 790 3315 vulgo
802 3235 910 3297 dicitur
924 3281 932 3310 ,
947 3229 1018 3295 delle
1034 3251 1105 3294 oea-
1180 3244 1182 3249 “

201 3317 265 3369 ture
274 3355 283 3386 ,
302 3308 398 3371 cdellc
409 3316 492 3376 sorti.
1042 3315 1045 3322 '
