2384 3942
495 201 632 243 ,necuere

514 353 531 435 g
545 357 601 428 in.

258 511 426 594 Imopioea,
443 517 471 570 et
483 505 679 592 Indulgentiae
689 483 858 590 mobiliter.

144 677 172 736 l.
186 677 331 754 Imagines
343 690 412 733 cum
425 672 563 732 laureolis
574 716 582 744 ,
593 681 645 732 aut
655 672 764 746 radiis,
776 672 838 733 sive
884 674 1016 736 leudori-

100 753 178 825 bus,
196 771 320 826 eorum,
336 752 387 831 qui
399 769 495 827 neque
504 751 731 810 canonizationis
743 768 855 828 ,neque
923 753 1016 814 tilica·

102 832 192 892 tionis
205 829 320 892 honore
335 829 466 907 insigniti
478 835 548 888 sunt
559 846 575 886 a
588 827 662 887 Sede
672 828 847 906 Apostolica.

143 911 173 969 2.
195 909 340 986 Imagines
357 906 478 981 Domini
493 905 592 966 Nostri
605 905 673 964 Iesu
691 903 819 977 Christi,
835 915 865 966 et
881 908 1017 988 Delparoe

101 985 237 1064 Virginis
250 986 371 1057 blaciae,
385 1003 418 1044 ac
429 983 612 1062 Angelorum
625 1027 634 1054 ,
655 983 925 1062 Evangelistarum,
942 988 1016 1047 alio-

100 1081 231 1142 rumque
244 1063 437 1133 Sanctorum‚
450 1070 479 1120 et
489 1062 663 1121 Sanctarum
676 1065 928 1140 quarumcumque
939 1065 1019 1124 scul-

101 1149 184 1220 ptae,
206 1149 257 1200 aut
277 1141 364 1218 plotae
378 1157 446 1198 cum
469 1138 526 1196 alio
549 1135 675 1208 habitu,
696 1146 727 1196 et
747 1138 859 1211 forma,
876 1159 964 1218 quam
984 1144 1017 1202 in

102 1217 275 1290 Catholica,
300 1226 329 1277 et
349 1215 514 1295 Apostolica
534 1215 661 1274 Ecclesia
680 1213 718 1274 ab
737 1216 858 1292 antiquo
882 1226 1017 1298 tempore

102 1296 258 1356 consuevit
270 1340 278 1366 ,
291 1295 339 1354 vel
359 1294 448 1354 etiam
468 1311 536 1352 cum
549 1291 653 1352 babitu
670 1293 812 1371 peculiari
825 1292 947 1372 alicujus
960 1297 1018 1356 Or·

101 1372 182 1433 diuis
195 1373 359 1452 Regularis

145 1451 174 1509 5.
191 1451 355 1528 imagines,
376 1448 559 1510 Numismata
581 1446 726 1526 insculpta
748 1465 803 1529 pro
818 1448 1017 1511 confraterni-

102 1526 214 1586 tatihus
234 1527 449 1604 blanoipIorum
464 1526 565 1585 Matris
584 1526 660 1598 Dei,
682 1524 781 1584 Italico
801 1524 919 1588 actiaci
939 1525 1018 1589 dello

102 1601 212 1666 Matre
228 1601 261 1662 di
274 1603 351 1676 Dio,
367 1601 478 1660 sodales
492 1611 638 1662 catenatos
651 1603 856 1679 exprimentia.

147 1681 223 1737 Item
236 1678 341 1736 Libelli
356 1719 364 1746 ,
378 1678 410 1734 ln
423 1677 530 1752 quibus
540 1678 651 1736 eisdem
662 1679 958 1740 Conlraternitatibus
970 1701 1020 1742 re·

108 1754 187 1832 gulae
200 1753 444 1830 praescribuntur.
456 1752 714 1812 confraternitates
725 1762 843 1824 autem,
862 1775 929 1831 quae
943 1768 1020 1816 cate-

108 1830 196 1890 nulas
209 1828 392 1888 distribuunt
403 1826 647 1897 conlratribus,et
656 1830 872 1900 consororibus,
882 1830 1019 1905 brachiis,

106 1916 139 1968 et
160 1907 237 1967 eollo
250 1904 532 1984 circumponendas,
549 1913 637 1982 atque
654 1904 806 1984 gestandas
819 1950 827 1977 ,
845 1915 879 1966 ut
892 1925 926 1968 eo
938 1911 1021 1988 algno

104 1984 286 2044 Beatissimae
299 1983 415 2062 VirgIni
434 1982 631 2061 emancipatos
647 2001 680 2042 se
692 2000 753 2041 esse
766 1983 975 2062 profiteantur,
992 1997 1021 2048 ct

128 2080 238 2122 uarum
252 2062 421 2121 institutum
432 2060 463 2119 in
476 2078 511 2119 eo
526 2060 695 2138 mancipatu
709 2061 857 2140 precipue
867 2075 1018 2134 versatur,

104 2082 307 2211 damnantur,
329 2147 358 2198 et
382 2137 607 2216 extinguuntur.
626 2138 817 2199 Societatibus
837 2158 932 2214 vero,
953 2163 1020 2226 quaa

105 2218 202 2276 ritum
215 2216 344 2294 aliquem
359 2259 367 2286 ,
382 2223 432 2274 aut
447 2214 655 2292 quodcumque
666 2215 746 2274 aliud
765 2216 801 2276 ad
820 2219 1019 2298 maneIpatum

105 2293 253 2382 ejusmodi
273 2293 423 2372 pertinens
437 2291 597 2367 adhibent,
613 2293 802 2371 precipitur,
818 2304 852 2355 ut
871 2296 902 2355 id
919 2301 1018 2361 statIm

104 2371 253 2432 reiciant.

136 2389 177 2506 14.
193 2448 357 2526 Imagines,
372 2448 534 2518 catenulae,
550 2446 619 2507 lolia
632 2491 640 2521 ‚
654 2448 747 2508 libelli
761 2467 815 2528 pro
829 2469 884 2511 usu
898 2454 1020 2516 Confra-

105 2525 282 2586 ternitatum
305 2525 360 2586 sub
380 2526 565 2586 invocatione
583 2527 635 2584 SS.
655 2527 853 2599 Sacramenti,
872 2531 906 2588 B.
921 2533 1020 2590 llarioe

105 2601 241 2681 Virginis
261 2605 476 2674 Immaculata,
499 2611 528 2661 et
550 2603 580 2662 S.
596 2601 715 2682 Iosepbi
741 2605 796 2664 sub
815 2606 902 2666 titulo
917 2609 1021 2689 Grepia

106 2679 179 2741 boui
196 2682 326 2761 postoris
340 2690 525 2749 erectarum,
548 2687 578 2738 et
596 2680 628 2739 in
648 2681 755 2757 quibus
772 2693 1022 2761 representantur

106 2755 244 2818 homines
253 2758 375 2836 penduli
386 2757 526 2818 achristo
537 2774 660 2829 ,asarra
670 2758 782 2836 Pyxide
791 2804 800 2833 ,
809 2762 867 2820 all.
876 2762 1000 2838 Virgine
1012 2805 1021 2832 ,

106 2853 123 2893 a
138 2835 169 2894 S.
184 2835 330 2913 losepho,
348 2845 377 2896 et
390 2855 406 2894 a
420 2835 524 2913 quovis
536 2833 594 2893 alio
607 2835 723 2895 Sancto.

149 2913 177 2971 t.
194 2913 337 2991 Imagines
349 2958 358 2985 ,
372 2913 422 2973 ubi
434 2920 665 2991 repraesentatur
676 2931 751 2991 puer
762 2913 846 2972 Iesus
855 2913 887 2971 ln
896 2912 1024 2974 sublime

107 2990 222 3060 elatus,
243 2999 272 3048 et
284 2991 339 3050 sub
353 2992 361 3049 i
384 3009 416 3050 so
429 3000 488 3050 tres
502 2989 636 3049 Ecclesiae
649 2990 810 3056 Doctores,
831 2996 860 3045 et
873 2989 905 3046 in
924 2988 1023 3050 locum

108 3067 239 3127 aliorum
250 3067 342 3152 trium
358 3010 420 3144 (ldui
433 3072 685 3142 repraesentantur
701 3065 733 3122 in
747 3063 927 3138 Imaginibus
946 3065 1023 3144 ejus-

108 3145 177 3204 dem
199 3143 302 3202 formoe
320 3142 513 3218 jampridem
536 3138 861 3274 impressispsubstituti
875 3150 943 3202 sunt
963 3155 1022 3207 tres

108 3217 280 3300 Presbyteri
294 3217 452 3294 Regulares
466 3233 533 3274 cum
547 3214 594 3274 his
607 3217 684 3275 versi
706 3233 741 3274 us
754 3233 762 3270 t
774 3214 846 3275 Jeau
862 3219 1023 3284 Doctorum

107 3299 237 3373 iota'mo,
252 3295 305 3378 qui
317 3292 407 3354 octos
420 3292 596 3430 guarantire
605 3285 692 3371 pellis
705 3291 801 3350 virore
809 3296 932 3374 gratie,
949 3309 1001 3362 etc.

150 3378 181 3436 6.
192 3373 337 3453 Imagines
350 3370 414 3430 sive
444 3376 562 3447 epictae,
576 3368 639 3428 sive
651 3369 789 3448 sculptae,
803 3373 865 3432 sive
873 3374 1022 3454 impressae

110 3454 258 3515 Ioannem
276 3449 344 3512 cala
364 3465 550 3528 quocumque
567 3444 745 3522 sanctitatis,
763 3449 810 3510 vel
832 3451 1022 3516 beatitudiuis

111 3531 197 3609 signo
215 3536 466 3608 repraesentantes.
885 3608 902 3678 5
