2384 3942
12 3493 141 3610 m

206 199 270 240 ¹th
293 167 296 175 1
593 193 727 234 ὓΕὒΙίΕΤΛ.

244 280 273 337 7.
293 277 482 348 Cauchas,
505 281 535 336 et
553 273 726 334 Catcchismi
748 291 871 344 omues,
894 293 1106 354 quamcumque

204 358 423 434 inscriptionem
436 351 592 430 proeierant
609 351 670 409 sive
684 349 830 409 librorum
843 351 1106 425 Abecedariorum‚

206 437 267 494 sive
287 431 520 525 Explicationum
539 427 671 506 Symboli
690 428 869 505 Apostolici,
893 431 1107 509 praeceptorum

207 512 364 589 Deealogr,
393 507 454 565 eive
477 506 724 575 instructionum,
748 523 781 563 ac
795 506 1015 566 Institutionum
1031 509 1108 567 Reli-

207 590 301 669 gionis
320 584 514 654 Christianae,
535 585 680 642 Locorum
703 583 934 653 Communium,
955 594 1011 644 etc.

246 668 275 726 8.
291 663 371 722 Collo
392 660 461 733 uia,
485 660 695 729 (inmerentia,
716 660 955 738 Disputationes,
977 662 1109 740 Synodi,

208 743 279 802 Acta
298 679 453 817 synodalia
467 737 505 797 dc
518 736 594 808 fide,
612 747 641 796 et
657 735 725 797 fidei
740 736 925 816 dogmatibus
943 737 980 796 ab
1001 740 1111 799 eisdem

209 819 307 886 edita,
331 824 360 875 ct
383 816 413 874 in
436 814 544 893 quibus
565 814 771 893 explicationes
792 833 985 893 quacumque
1007 833 1111 876 eorum

208 911 344 953 errorum
368 892 567 952 continentur.

248 973 277 1028 9.
305 969 527 1042 Conleesicnos,
565 968 715 1042 Articuli,
748 967 811 1028 sive
854 969 1000 1028 Formuloe
1041 969 1111 1030 fidei

208 1046 391 1106 eorumdem.

248 1123 493 1184 rubicunda
515 1131 633 1193 autem,
652 1124 862 1194 vocabulario,
885 1124 1007 1195 berica,
1030 1124 1114 1183 Glos-

209 1201 305 1272 saria,
330 1200 494 1271 Thesauri,
518 1211 548 1260 et
571 1201 681 1259 similes
706 1201 775 1260 libri
797 1202 834 1260 ab
858 1201 963 1259 iisdem
986 1201 1112 1279 scripti,
1181 1262 1183 1275 ι

210 1279 272 1338 sive
291 1277 383 1352 editi,
409 1286 442 1337 ut
467 1278 608 1348 henrici,
636 1288 666 1337 et
690 1279 785 1338 Caroli
809 1276 970 1354 Stephani,
992 1278 1114 1338 loannis
1181 1300 1183 1311 ¹

211 1355 360 1433 Scapulae,
385 1355 506 1414 loannis
532 1354 632 1414 Jacobi
659 1355 838 1423 llolmanni,
862 1364 938 1424 ete,
962 1373 1023 1414 nou
1046 1374 1114 1433 per-

212 1433 393 1502 mittuntur,
415 1431 470 1489 nisi
490 1431 592 1491 deletis
614 1431 671 1504 iis,
697 1450 764 1510 quoe
785 1431 895 1492 habent
916 1442 1018 1491 contra
1036 1434 1116 1493 ileli-

211 1509 330 1588 gionem
353 1505 541 1568 catholicam.

211 1587 300 1724 ¹nhil.
325 1584 575 1659 lmtructionum,
605 1591 634 1646 et
656 1584 778 1646 Rituum
800 1595 886 1646 sectae
905 1585 1117 1649 llahometanoe

223 1683 282 1724 arr
303 1681 416 1726 omues.

624 1797 642 1880 3
661 1802 699 1861 u.

329 1961 414 2026 Libri
429 1951 573 2024 certorum
585 1965 831 2043 Argonautarum
847 1961 998 2044 prohibiti.

255 2124 284 2182 l.
298 2123 341 2182 De
358 2124 479 2185 materia
492 2124 678 2184 Auxiliorum
689 2123 866 2183 Divinorum
879 2123 967 2196 libri,
979 2127 1027 2186 vel
1039 2146 1120 2187 com·

215 2197 373 2278 positiones
392 2219 428 2260 ex
452 2202 605 2280 professo,
627 2201 674 2260 vel
694 2200 879 2271 incidenter,
904 2211 956 2262 aut
976 2213 1120 2293 praetextu

216 2279 433 2337 commentandi
466 2279 496 2336 S.
511 2276 674 2350 Thomam,
697 2278 743 2337 vel
765 2279 926 2356 quemlibet
949 2280 1039 2341 alium
1060 2284 1121 2341 Do-

216 2363 345 2422 ctorem,
368 2364 419 2415 aut
438 2355 494 2414 alia
512 2357 614 2431 quavis
625 2356 775 2415 occasione
794 2364 969 2429 machutes,
984 2359 1121 2449 impressi

216 2431 298 2490 nulla
323 2431 441 2491 obtenta
463 2431 581 2492 licentia
609 2433 876 2512 aCongregationc
893 2434 924 2492 S.
939 2434 1045 2495 Ollinia.

255 2509 285 2568 ἢ.
299 2508 342 2566 De
355 2511 449 2568 Beatae
462 2510 560 2568 blariae
568 2511 699 2590 Virginis
710 2511 905 2588 conceptione
918 2511 986 2571 libri
998 2530 1099 2575 omnes
1112 2559 1121 2586 ‚

217 2585 392 2655 Conciones,
412 2587 645 2664 Disputationes,
665 2589 815 2647 Tractatus
833 2589 966 2667 impressi
988 2599 1054 2669 post
1068 2609 1123 2649 an-

217 2682 291 2724 num
312 2664 405 2735 l6l7,
428 2664 460 2724 in
483 2664 590 2741 quibus
610 2666 768 2737 asseritur,
784 2667 818 2724 B.
833 2666 986 2744 Virginem
999 2667 1126 2728 llariam

217 2759 286 2802 cum
305 2741 439 2820 originali
463 2752 580 2831 peccato
599 2751 769 2833 conceptam
790 2760 874 2817 eme,
895 2743 943 2802 vel
963 2743 1126 2834 inquibus

218 2818 399 2890 affirmatur,
422 2828 595 2897 opmantes,
614 2821 648 2878 B.
659 2820 814 2897 Virginem
824 2819 913 2879 fuisse
934 2821 966 2878 in
987 2822 1124 2899 originali

220 2907 336 2977 peceato
356 2904 548 2975 conceptam,
565 2913 627 2956 esse
646 2895 817 2969 hereticos,
840 2897 888 2955 vel
920 2896 1050 2976 impios,
1076 2901 1125 2959 vel

221 2994 339 3053 peccare
357 2975 531 3036 mortaliter.

260 3055 289 3112 5.
311 3053 544 3124 Declarationes,
566 3051 753 3127 Decisionee,
774 3053 1034 3130 Interpretationes
1048 3055 1126 3113 Gon·

222 3132 396 3206 gregationis
412 3130 534 3193 Concilii
552 3131 737 3203 Tridentini,
757 3149 919 3208 earumque
934 3131 1127 3191 Collectioncs

222 3213 283 3264 tam
306 3207 476 3286 impressae,
503 3227 592 3285 quam
613 3208 837 3288 imprimendae,
865 3207 1007 3270 ementito
1034 3208 1127 3285 ipsius

224 3280 460 3360 congregationis
480 3286 612 3345 nomine.

262 3359 292 3416 l.
309 3360 352 3418 De
372 3363 573 3421 Controversia
595 3371 695 3424 exorta
714 3365 794 3424 inter
810 3362 985 3440 Episcopum
1007 3359 1128 3422 Chalce-

225 3433 404 3507 donensem,
426 3445 455 3498 et
475 3439 632 3516 Reguleres
653 3439 765 3518 Anglice
782 3439 851 3498 libri
869 3456 993 3508 omnes,
1013 3447 1044 3498 ct
1065 3441 1129 3500 sin-

225 3512 285 3585 guli
306 3521 443 3574 tractatus
465 3513 617 3591 impressi,
643 3517 705 3575 sive
726 3515 940 3592 manuscripti,
970 3525 999 3575 et
1026 3519 1128 3578 omnia
