2384 3942
320 0 398 33 W
973 0 1140 35 mul-:x
1183 0 1465 36 LIBRORUU

319 78 464 135 Caro
487 73 646 154 (Tito
658 76 976 158 Lucrezio).
1018 76 1158 137 Vide
1179 76 1474 137 Filosofia.

318 160 540 221 Cat-ove
567 161 728 221 Frid.
762 162 1125 221 GullielrnuS.
1153 164 1560 221 Kosmorama.
1612 162 1758 223 Eine
1800 162 1967 225 reihe
2002 183 2116 225 von

392 237 626 299 Studien
647 258 751 297 zur
771 240 1142 319 orientirung
1166 240 1227 298 in
1248 248 1447 312 natur,
1471 248 1582 300 etc.
1610 272 1687 283 —-
1709 242 1919 301 Latine
1943 260 2073 302 vero
2096 265 2119 301 .-

319 335 347 366 s
395 317 768 377 Cosmorama
802 334 817 371 :
845 317 1022 375 series
1047 316 1379 377 studiorum
1444 336 1513 377 ro
1540 318 1875 396 cognitione
1898 329 2123 379 naturae

394 392 694 465 historiae,
739 392 1078 469 regiminis,
1123 394 1355 473 philoso
1438 395 1543 468 iae,
1590 404 1648 455 et
1688 395 1993 475 religionis
2034 416 2125 456 as-

395 470 708 548 sequenda.
740 468 934 548 (Decr.
963 473 997 531 7
1025 472 1167 531 Julii
1193 474 1364 533 1855.

315 590 395 601 --
419 558 537 613 Der
569 554 1134 616 Saint-simonismus
1173 558 1299 617 und
1340 556 1437 618 die
1482 575 1698 618 neuere
1733 557 2126 618 franzb’sische

395 629 789 709 Philosophie.
816 667 895 675 —-
920 632 995 693 Id
1042 643 1174 695 est.-
1204 636 1694 695 Santimonismus
1738 645 1797 695 et
1831 636 2127 694 recentior

391 706 758 787 philosophia
795 711 1022 789 gallice.
1052 711 1247 791 (Decr.
1294 712 1736 791 7.Ju1ii’1835.)

314 824 394 837 -ο
417 791 900 871 Unpartheiische
958 796 1427 876 Betrachtungen
1468 796 1617 856 iiber
1650 795 1750 856 das
1786 804 1973 877 gesetz
2020 794 2126 853 des

391 871 582 948 geistl.
619 871 930 946 Coelibats‚
975 883 1088 934 etc.
1118 894 1178 933 v.
1211 875 1273 934 d.
1302 875 1458 934 Pros.
1498 876 1561 933 C.
1592 876 1664 933 A.
1690 876 1755 934 Ρ.
1779 875 1889 933 mit
1902 872 2124 930 Einlei-

391 948 577 1026 tungl,
600 948 1063 1031 Anmerkungen
1083 997 1098 1024 ‚
1142 961 1254 1012 etc.
1297 954 1372 1011 V.
1398 954 1471 1010 D.
1499 950 1800 1012 Friedrich
1834 946 2121 1009 Wilhelm

390 1024 636 1086 Cal-ove.
664 1061 743 1069 -
760 1029 970 1090 Latine
990 1048 1122 1091 vero
1150 1053 1170 1088 .·
1194 1029 1729 1090 commentationes
1749 1029 1822 1088 de
1842 1026 2123 1086 Ecclesia-

391 1103 519 1162 stici
567 1104 882 1164 Coelibatus
925 1106 1050 1184 lege
1080 1105 1096 1179 ',
1134 1115 1193 1165 et
1220 1108 1466 1166 solemni
1519 1106 1793 1166 castitatis
1825 1112 1961 1164 voto
1996 1104 2127 1163 sine

391 1180 586 1240 studio
615 1182 877 1260 partium
908 1186 1227 1262 propositae
1264 1203 1295 1242 a
1329 1183 1485 1241 Pros.
1518 1184 1580 1241 C.
1620 1184 1691 1241 A.
1723 1184 1789 1242 Ρ.
1822 1200 1893 1240 ex
1924 1182 2127 1240 Italico

393 1257 458 1315 in
486 1260 892 1337 germanicum
933 1278 1269 1321 sermonem
1312 1260 1625 1319 translatae.
1662 1262 1811 1319 Cum
1853 1259 2131 1334 introdu-

393 1335 586 1395 ctione
606 1380 623 1408 ‚
645 1336 1251 1398 animadversionibus
1271 1382 1287 1408 ‚
1308 1345 1447 1406 etc..
1475 1337 1649 1397 editae
1684 1356 1717 1396 a
1752 1336 1891 1396 Frid
1915 1336 2132 1395 Guliel-

397 1429 496 1472 mo
529 1412 772 1474 Cal-ove.
803 1415 1126 1474 Vollstandi
1169 1434 1202 1474 6
1226 1415 1517 1474 sammlun
1592 1415 1699 1474 der
1726 1414 1989 1474 Coelibat
2026 1432 2065 1492 g
2100 1448 2129 1459 --

393 1499 568 1564 setze3
599 1500 710 1551 etc.
733 1510 793 1551 v.
821 1490 883 1551 d.
916 1494 1101 1553 F.W.
1169 1433 1560 1553 arose—Ic?
1562 1500 1680 1553 est.-
1693 1493 1994 1571 completa
2016 1492 2129 1551 col-

394 1569 567 1629 lectio
587 1570 786 1648 legum
805 1570 882 1630 de
896 1570 1208 1643 Coelibatu‚
1230 1579 1341 1630 etc.
1358 1573 1507 1632 Cum
1524 1568 2128 1629 animadversionibus

396 1648 462 1705 F.
479 1647 547 1707 G.
560 1646 780 1708 Carove
801 1646 1154 1730 conjunctim
1170 1657 1230 1707 et
1242 1648 1483 1709 seorsim
1504 1648 1700 1725 (Decr.
1721 1647 1756 1705 7
1771 1648 1805 1706 J
1807 1647 1913 1706 ulii
1927 1642 2125 1721 1855.)

318 1766 397 1777 -—
426 1733 535 1791 Die
565 1734 756 1793 letzen
809 1734 1002 1813 Dinge
1038 1734 1139 1793 des
1185 1731 1539 1793 Romischen
1584 1729 2037 1790 Katholicismus
2061 1729 2127 1789 in

398 1809 811 1869 Deutschland.
848 1844 927 1853 -
952 1811 1164 1870 Latine
1192 1827 1330 1869 vero
1371 1832 1393 1867 .-
1439 1810 1735 1866 Postrema
1780 1825 1983 1867 rerum
2025 1826 2126 1866 seu

398 1894 693 1964 postrema
754 1894 1020 1963 tempora
1071 1888 1351 1945 Romanae
1403 1882 1713 1943 Catholicoe
1758 1885 2023 1944 Ecclesiae
2062 1885 2126 1943 in

397 1964 718 2039 germania,
765 1966 1002 2022 auctore
1049 1962 1212 2022 Frid.
1264 1961 1398 2022 Gul.
1445 1959 1685 2021 Cal-ove.
1723 1960 1921 2040 (Decr.
1955 1961 1989 2019 7
2028 1962 2129 2019 Ja-

400 2040 595 2099 nu'a'rii
627 2037 827 2118 1856.)

320 2129 430 2184 Car
472 2124 638 2183 ovius
662 2124 930 2184 Jacobus.
953 2123 1269 2203 Theologia
1295 2123 1549 2183 revelata
1586 2122 1923 2202 Dogmatica
1942 2167 1957 2192 ‚
2000 2141 2131 2183 me-

398 2211 422 2261 t
466 2200 578 2261 odo
606 2201 922 2261 scientifica
951 2202 1254 2263 adornata.
1296 2200 1489 2279 (Decr.
1513 2202 1591 2261 14
1608 2200 1823 2279 Aprilis
1850 2200 2053 2280 1755.)

323 2287 673 2365 Carpzovius
694 2332 710 2360 ,
744 2305 845 2347 seu
875 2290 1131 2367 Carpzov
1168 2286 1534 2347 Benedictus.

400 2365 657 2424 Praetica
700 2383 853 2424 nova
893 2365 1221 2444 Imperialis
1258 2366 1536 2425 Saxonica

399 2460 604 2502 rerum
633 2444 1042 2503 Criminalium
1079 2444 1143 2503 in
1186 2451 1380 2522 partes
1418 2452 1537 2503 tres

323 2522 911 2658 -dgciffiinentarius
957 2598 1020 2656 in
1065 2597 1257 2677 legem
1314 2598 1537 2676 regiam
1746 2596 1942 2676 (Dect.
1974 2600 2053 2658 94-

401 2676 831 2737 Germanorum
854 2720 870 2748 ,
897 2676 1019 2736 sive
1043 2675 1537 2754 capitulationem
1707 2675 2066 2736 Novembris

405 2753 880 2847 Imperatoriam.
1809 2755 1837 2814 1
1851 2754 1965 2816 655
1975 2753 2020 2832 .)

325 2864 402 2873 —-
421 2832 750 2894 Decisiones
796 2832 1054 2892 illustres
1103 2831 1401 2893 Saxonicoe
1445 2847 1543 2890 re-

404 2926 540 2966 rum
584 2920 643 2971 et
669 2910 1062 2987 quaestionum
1092 2909 1459 2966 Forensium.

379 3019 400 3023 -
452 2987 824 3047 Ilecisiunum
884 2987 1201 3047 illustrium
1233 2991 1545 3047 Snxnnicn-

408 3079 540 3119 rum
572 3067 704 3123 Pars
728 3087 788 3135 Η,
820 3075 876 3123 et
908 3087 996 3123 m.

328 3179 404 3187 -=—=
424 3147 1122 3223 centuriaejurislifflrum
1169 3155 1521 3227 pusilitmnm
1569 3155 1637 3207 sir
1677 3151 1909 3227 juribus
1949 3153 2137 3207 initii-

412 3243 616 3283 nnrmn
668 3227 1080 3299 singularibus,
1116 3227 1305 3299 [Iler-r.
1341 3231 1377 3287 ὃ
1405 3231 1593 3287 Martii
1630 3231 1825 3303 litiis]

24 3311 36 3407 Ἐ
169 3387 183 3390 -
332 3343 401 3347 --
432 3311 900 3387 surispruzleniin
960 3311 1377 3371 Evclffiiastirn.
1421 3331 1517 3371 seiz
1569 3315 1993 3371 [tamisi-,mimis
2049 3335 2137 3371 re—

2055 3743 2320 3942 Κ.
