2384 3942
143 0 586 43 metzuuulcume
626 0 904 46 (duwuuu
965 0 1363 48 nruulcplnuu·

219 46 380 125 pus).
411 45 682 106 Edictum
709 89 724 117 ‚
745 43 914 125 cujus
943 45 1185 106 initium
1208 68 1231 104 .-
1254 48 1364 107 No-

219 132 356 184 tum
391 122 634 182 facimus
660 167 676 192 ‚
707 122 866 200 quod
899 140 1035 181 cum
1070 124 1221 182 circa
1249 141 1362 201 pu-

218 199 601 261 blicationem
629 200 810 259 Bullae
840 200 1062 259 Urbani
1076 202 1237 260 VIII.
1267 200 1362 261 Fi-

219 278 318 338 nis
346 300 367 336 .·
398 279 613 337 Datum
642 277 928 337 Bruxellae
953 276 1049 337 die
1066 278 1142 336 29
1164 278 1358 337 Martii

222 356 400 445 1651.
432 358 488 413 J.
518 355 589 414 A.
620 357 792 414 M.v.
1228 431 1241 445 ⁸
1566 370 1762 451 (Decr.
1801 377 1867 436 11

144 464 222 474 —
247 436 520 493 Rat1ones
540 478 555 507 ,
574 433 648 493 ob
668 451 811 510 quas
828 451 862 490 a
886 431 1359 511 promulgatione
1660 452 1798 512 Maii

223 510 434 583 Bullae‚
467 529 580 588 qua
608 510 996 589 proscribitur
1029 509 1179 568 liber
1206 553 1222 581 ‚
1263 510 1357 569 eui
1626 528 1826 609 1651‚)

222 588 470 648 titulus:
503 588 759 648 Cornelii
793 587 1049 647 Jansenii
1089 587 1359 665 Episcopi

219 666 477 742 Iprensis
509 665 866 744 Augustinus
885 710 901 736 ‚
930 664 1211 724 abstinuit
1232 707 1249 736 ‚
1287 681 1359 722 ex

219 743 497 802 mandato
534 745 617 802 Re
659 743 714 802 io
759 743 890 802 Suae
930 739 1212 818 Majestati
1253 758 1354 799 ex-

218 816 423 955 pibitae
445 864 460 893 ,
487 836 522 878 e
544 820 626 879 Ga
651 820 766 879 lico
788 820 852 878 in
867 819 1140 877 Latinum
1164 825 1356 877 trans-

243 906 374 957 atae.
725 907 730 910 ’

144 982 448 1137 ΜθΤοΙςρέῗ,
493 1001 596 1044 seu
637 979 958 1043 Maecardus
1004 978 1311 1058 Georgius.
1364 976 1430 1057 (1
1478 980 1566 1040 Cl.
1618 979 1769 1059 App.
1816 983 1949 1046 Ind.

269 1079 324 1118 r1
373 1102 388 1117 .

142 1135 477 1195 Mediatoris
501 1134 617 1217 (de)
647 1138 784 1197 Jesu
809 1135 1025 1196 Christi
1065 1132 1325 1194 hominis
1352 1134 1670 1195 Divinitate
1690 1177 1706 1203 ‚
1754 1154 1949 1213 aequa-

219 1211 498 1290 litateque
519 1214 772 1272 libellus·
793 1215 941 1273 Item
964 1212 1039 1272 de
1061 1212 1487 1272 restauratione
1502 1211 1764 1272 Ecclesiae
1777 1214 1950 1272 Mar-

221 1289 336 1349 tini
394 1289 624 1348 Cellarii
661 1332 678 1361 ‚
746 1309 880 1349 cum
938 1288 1196 1367 Epistola
1255 1289 1641 1367 praeliminari
1697 1288 1946 1349 Fabricii

220 1366 540 1444 Capitonis.
565 1365 738 1445 (App.
768 1366 898 1425 Ind.
931 1364 1125 1443 Trid.)

142 1451 427 1512 Medicina
456 1451 706 1511 Animae.
734 1449 888 1530 (Ind.
905 1449 1100 1530 Trid.)

141 1529 428 1589 Medicina
468 1529 695 1588 Animae
776 1546 843 1588 ro
886 1529 1040 1587 sanis
1073 1529 1288 1602 simul,
1330 1538 1391 1589 et
1433 1527 1664 1607 aegrotis
1698 1527 1953 1587 instante

219 1615 430 1666 morte.
461 1605 636 1685 (App.
667 1608 735 1665 In
782 1648 797 1664 .
824 1605 1016 1685 Trid.)

140 1691 427 1753 Medicina
453 1692 681 1752 Animae
717 1699 839 1751 tam
866 1688 959 1751 his
986 1692 1088 1769 qui
1123 1691 1297 1753 firma
1319 1737 1335 1768 ‚
1370 1709 1549 1784 quam
1576 1690 1677 1768 qui
1712 1688 1951 1749 adversa

219 1769 483 1848 corporis
522 1768 854 1829 valetudine
893 1771 1126 1848 praediti
1160 1779 1301 1831 sunt
1324 1815 1339 1843 ‚
1382 1789 1446 1829 m
1484 1767 1692 1829 mortis
1727 1781 1911 1845 agone
1928 1810 1945 1839 ‚

219 1855 277 1908 et
302 1848 577 1907 extremis
613 1845 706 1906 his
741 1848 1248 1927 periculosissimis
1284 1846 1649 1927 temporibus
1692 1846 1949 1905 maxime

220 1925 562 1985 necessaria.
593 1922 768 2004 (App.
796 1923 928 1984 Ind.
952 1923 1146 2002 Trid.)
1441 1921 1445 1930 ’

141 2008 373 2069 Medina
409 2008 674 2069 Michael.
713 2009 995 2089 Apologia
1039 2010 1280 2072 Joannis
1320 2010 1485 2083 Feri,
1536 2009 1598 2069 in
1638 2026 1751 2086 qua
1789 2024 1947 2067 txvn

216 2087 340 2147 loca
374 2088 948 2147 Commentariorum
983 2088 1047 2148 in
1083 2089 1370 2149 Joannem
1394 2135 1409 2160 ‚
1447 2107 1579 2166 quae
1607 2084 1949 2145 Dominicus

218 2165 356 2224 Soto
380 2162 708 2224 Lutherana
733 2165 1071 2225 traduxerat
1085 2210 1101 2238 ‚
1122 2184 1194 2225 ex
1213 2185 1371 2228 sacra
1390 2166 1515 2225 Scri
1561 2174 1692 2223 tura
1710 2163 1952 2221 Sancto-

181 2276 187 2283 ·
217 2259 474 2318 rumque
505 2242 770 2301 doctrina
791 2243 1210 2303 restituuntur.
1242 2242 1418 2321 (App.
1448 2243 1517 2301 In
1566 2238 1790 2315 ,Trid.)

139 2326 588 2387 Mediolanensis
615 2327 828 2385 Julius.
854 2326 1163 2415 Apostata.
1185 2326 1239 2405 (1
1263 2327 1349 2386 Cl.
1377 2326 1508 2386 lnd.
1527 2322 1718 2403 Trid.)

137 2404 545 2464 Meditationes
589 2411 666 2462 et,
690 2410 1049 2481 precationes
1096 2404 1209 2481 piae
1239 2446 1255 2474 ‚
1310 2401 1631 2462 admodum
1673 2399 1845 2460 utiles
1890 2406 1951 2457 et

219 2480 554 2540 necessariae
577 2497 688 2557 pro
725 2478 1048 2539 formandis
1073 2488 1204 2539 tum
1234 2479 1601 2539 conscientiis
1625 2519 1641 2549 ‚
1667 2485 1797 2539 tum
1823 2494 1954 2536 mo·-

218 2558 386 2616 ribus
407 2557 748 2617 electorum.
780 2553 936 2634 (Ind.
953 2555 1147 2634 Trid.)

138 2640 550 2702 Meditationes
579 2639 664 2717 (in
685 2642 1027 2701 Orationem
1057 2641 1426 2701 Dominicam
1454 2638 1861 2707 saluberrimae
1892 2654 1960 2695 ac

219 2717 570 2851 sangtirsffmf
629 2735 702 2775 ex
740 2717 908 2775 libris
941 2716 1379 2778 Catholicorum
1420 2720 1662 2779 Patrum
1702 2724 1968 2791 selectae.

245 2795 314 2852 In
364 2834 377 2849 .
451 2792 504 2850 ri
552 2834 566 2849 .

137 2793 546 2933 Mdditationes
599 2868 980 2947 (Sanctorum
1028 2869 1313 2949 Patrum)
1363 2868 1577 2947 quibus
1627 2870 1999 2965 Dum‘sssffioe

218 2946 498 3028 passionis
544 2945 893 3024 mysterium
942 2946 1264 3023 explicatur
1295 2990 1311 3018 ‚
1366 2956 1426 3006 at
1470 2964 1541 3005 ue
1579 2945 1736 3046 hisp
1820 2960 1897 3035 μ’
1938 2942 2018 3001 de

218 3024 482 3106 passione
507 3022 722 3083 Christi
745 3023 1114 3101 expenditur.
1144 3022 1322 3103 (App.
1353 2964 1484 3085 lud.
1507 3026 1671 3108 Trid
1684 2999 1818 3159 ἧος
1976 3096 2078 3159 W&

1906 3122 1990 3192 ὅθ

139 3110 520 3171 Meditazione
561 3109 635 3169 da
685 3108 820 3168 farsi
867 3109 1101 3187 quando
1147 3109 1192 3167 si
1246 3110 1375 3171 dice
1425 3110 1480 3170 la
1527 3113 1666 3193 Co„

219 3187 524 3249 Madonna.
561 3187 757 3267 (Decr.
784 3188 819 3247 5
847 3186 1062 3266 Aprilis
1086 3185 1286 3267 1685.)
1669 3165 1867 3260 ”Qu

1604 3293 1791 3415 “Qu

2069 3687 2377 3942 7
