2384 3942
381 217 533 262 certiornec
557 217 685 260 merom.
960 224 995 266 tx

98 362 163 402 mm
181 336 345 418 commodo,
362 357 398 399 ne
412 336 516 401 scilicet
531 336 600 401 iilos
611 358 678 400 cum
690 335 994 421 abiisejusdemtitrdi,

99 435 183 508 atque
206 425 371 506 arpumenti
391 421 620 505 confunderent,
636 432 699 485 tum
712 421 753 483 ad
767 433 996 485 cerumarestruu·

99 509 169 570 dum
188 509 323 571 editiones
342 505 433 586 idas,
448 529 508 571 noa
520 507 650 592 reliquas
658 556 667 586 ,
691 528 758 592 qua
772 506 895 570 diuersa
907 517 995 583 sunt,

103 603 155 655 aut
168 593 346 672 emendata,
362 614 420 658 esse
446 598 638 678 proscriptas.
662 597 839 658 Ceterorum
860 611 927 655 uero
947 595 998 654 Li-

102 679 210 743 bromm
247 682 275 743 si
298 678 412 758 iocum,
436 681 487 744 ubi
516 682 651 764 impressi
668 689 756 755 sunt,
779 681 952 756 omisimus,
966 677 999 740 id

101 777 246 849 propterca
256 765 424 849 faciendum
436 769 684 844 existimavimus,
694 775 729 828 ut
738 763 909 846 inteiiiperet
917 765 1000 846 quu-

103 869 148 932 quc
159 871 260 915 ommes
273 872 374 913 eorum
387 853 543 916 Librorum
566 851 722 928 editiones,
737 869 916 933 quocumque
932 858 999 909 tan·

100 933 158 998 dem
176 935 238 998 loco
251 935 338 1020 sacta
359 939 421 999 sint
431 984 440 1014 ,
452 936 617 1019 prohibitas
639 955 718 1013 esse,·
736 933 768 996 id
788 935 866 996 enim
879 942 1000 994 cautum

98 1023 226 1085 Decretis
238 1025 335 1084 Socra
357 1023 604 1104 Conprepationis.
627 1026 724 1099 Quom
742 1019 777 1082 ob
790 1039 853 1081 rem
877 1037 999 1102 perraro

97 1109 182 1170 etiam
201 1111 294 1171 unius
308 1107 491 1192 ejusdemque
504 1108 589 1170 Libri
602 1107 749 1183 diuersas,
762 1124 828 1187 qua
838 1102 1000 1186 aliquando

94 1191 161 1273 fieri
171 1193 283 1272 soient,
298 1194 494 1257 indicavimus
503 1196 658 1256 versiones.
675 1196 748 1268 Cum
761 1212 797 1253 ea
806 1193 1001 1254 Instructiouc

99 1277 252 1344 Clementis
270 1283 364 1356 VIII,
380 1281 425 1340 tit.
443 1279 477 1340 dc
490 1278 632 1360 prohibit.
652 1278 839 1358 Librorum§
857 1280 892 1352 6,
906 1296 944 1359 ap
965 1297 1000 1336 a·

13 1356 17 1365 ’
96 1373 160 1425 reat
167 1367 362 1448 perniciosos,
379 1385 413 1426 ac
424 1362 519 1426 maios
532 1363 636 1425 Libros
648 1411 657 1441 ,
672 1365 725 1446 qui
736 1373 814 1425 certa
827 1359 929 1445 aliqua
940 1296 1000 1424 bn-

92 1467 154 1531 pua
167 1450 255 1528 editi,
271 1471 305 1513 ac
322 1450 424 1515 deinde
434 1449 576 1533 prohibiti
598 1459 690 1526 sunt,
708 1448 870 1531 prohibitos
892 1451 1002 1510 censeri

94 1535 214 1612 debere,
228 1538 262 1597 in
275 1536 474 1618 quodcumque
490 1534 601 1597 idioma
612 1544 714 1617 postea
729 1533 959 1616 transferantur.

133 1678 234 1754 Diern,
241 1697 384 1755 mensem,
399 1688 427 1740 et
442 1699 556 1741 annum
564 1682 770 1762 prohibitionis
778 1729 788 1759 ‚
802 1681 928 1764 sinpuh's
939 1682 1002 1765 fere

94 1761 218 1836 Libris,
233 1762 286 1842 qui
296 1771 361 1842 post
373 1782 488 1822 annum
501 1767 575 1824 Isso
592 1768 749 1847 proscripti
758 1777 846 1842 sunt,
861 1768 1004 1849 adjunxi-

94 1863 176 1906 mus.
191 1847 361 1928 Descriptos
377 1867 444 1908 uero
463 1857 530 1908 ante
539 1847 714 1931 pradictum
724 1871 837 1912 annum
855 1854 889 1914 in
905 1853 1005 1916 Indice

92 1931 149 1993 Pii
158 1931 219 2006 IV,
242 1949 327 2011 quem
351 1932 556 1996 Tridentinum
578 1943 700 2013 vocam,
715 1943 744 1997 et
764 1937 797 1999 in
815 1935 915 1999 Indice
942 1935 1004 2000 cte

91 2014 202 2079 mentis
233 2018 325 2091 VIII,
351 2020 406 2102 qui
433 2019 602 2083 Tridentini
620 2021 776 2104 Appendicc
798 2025 899 2086 vorari
909 2021 1001 2105 solet,

94 2103 172 2166 hisoe
187 2100 266 2161 notis
280 2100 493 2167 distincimus:
509 2106 573 2167 Ind.
583 2106 681 2182 Tria,
695 2107 771 2188 App.
784 2109 850 2169 Ind.
866 2111 949 2171 Trid.

144 2242 260 2325 Quibrm
277 2253 375 2306 autem
398 2246 514 2323 Libris,
531 2264 562 2307 eo
585 2244 664 2328 quod
687 2244 844 2308 utilitatem
867 2245 1002 2332 aliquam

27 2357 29 2364 ·
93 2352 157 2418 prce
168 2350 199 2394 se
211 2326 292 2409 ferre
301 2329 477 2407 videantur,
491 2329 627 2393 additum
640 2339 682 2392 est
693 2333 793 2391 Donec
804 2334 1001 2413 corrigentur,

95 2439 145 2483 seu
165 2420 267 2480 Donec
290 2426 490 2496 expurgentur
512 2439 519 2476 :
540 2436 605 2477 eam
628 2419 830 2479 correctionem
847 2439 867 2479 a
887 2424 1002 2485 neneine

94 2506 212 2586 privato
241 2499 378 2583 jndicio,
395 2511 481 2584 atque
501 2503 673 2564 auctoritate
684 2502 753 2584 fieri
767 2521 868 2584 posse,
881 2505 931 2567 sed
942 2527 1004 2568 rem

97 2599 187 2652 totam
203 2585 244 2648 ad
259 2587 383 2648 Sacram
394 2586 506 2650 Indicis
519 2587 777 2669 Coreprepationem
796 2606 856 2649 csse
869 2587 1001 2671 deseren-

95 2676 164 2737 dam
177 2692 344 2736 monemus.

130 2816 204 2874 Jam
214 2829 284 2872 uero
296 2811 474 2875 reticendum
484 2832 543 2875 non
555 2820 709 2894 putamus,
723 2813 802 2897 quod
812 2834 873 2876 uon
884 2817 909 2878 ii
915 2817 1003 2878 dum-

97 2907 179 2960 taaat
194 2895 283 2959 Libri
305 2899 612 2960 excommunicationis
641 2909 795 2960 reseruata
812 2919 904 2980 prena
932 2911 1003 2962 sunt

93 2982 279 3064 proscripti,
306 2986 359 3063 qui
378 2983 414 3044 ab
441 2984 593 3046 Hareticis
617 2987 769 3066 compositi
794 2985 830 3046 de
856 2983 1003 3067 Reiipioue

98 3065 247 3131 Catholica
259 3083 294 3124 erc
314 3067 446 3149 professo
463 3077 574 3150 opunt,
590 3069 768 3150 haresesquc
786 3071 902 3145 docent,
925 3075 1003 3153 quod

97 3153 214 3215 Litteris
243 3148 414 3228 Apostolicis
432 3151 477 3213 die
501 3154 594 3213 Coenoe
621 3153 746 3213 Domini
771 3150 829 3234 iepi
847 3150 959 3236 solitis,
974 3173 1002 3222 et

98 3229 479 3300 Corestitutionehleccandri
491 3237 561 3309 VII,
575 3234 756 3316 quoeincipit
768 3239 998 3324 espaniacum,

97 3323 240 3384 statuitur
251 3341 263 3394 ,·
285 3316 423 3399 sedquod
436 3319 460 3378 ii
474 3319 563 3379 etiam
583 3316 646 3399 fere
671 3337 770 3386 munes
790 3326 875 3389 Libri
897 3328 1002 3412 hujus·

97 3407 175 3471 nmdi
186 3421 280 3490 pana
292 3403 535 3487 proscribuntur,
551 3405 604 3486 qui
611 3408 859 3489 postpraedictam
870 3411 1002 3478 Abraou-

97 3491 144 3554 dri
160 3493 225 3558 VII
238 3487 477 3550 tonsuratorum
493 3488 602 3551 editam
612 3489 806 3557 diebIIartii
816 3497 893 3558 anni
911 3501 1000 3579 tibh,
