2384 3942
443 223 558 266 uirtute
575 223 694 265 tunicis.
982 225 1020 267 XV

111 308 263 392 impressio
281 307 354 380 fiet,
371 307 434 385 ejus
451 307 646 387 approbatio,
668 313 699 366 et
716 323 840 366 examen
857 307 1021 384 pertineat,

113 401 143 452 ct
161 406 216 469 per
235 403 338 446 eorum
356 404 500 458 manum,
522 385 644 464 propria
661 384 892 464 subscriptione,
914 388 1022 464 gratis,

114 477 145 528 et
166 467 229 526 sine
246 464 388 524 dilatione
406 463 641 542 imponendam,
663 462 718 522 sub
739 462 854 540 poenis,
872 470 902 520 et
921 481 1023 523 oonsu-

117 546 158 604 ris
178 544 207 602 in
227 542 332 602 eodem
345 542 462 601 decreto
480 541 645 611 contentis,
659 540 861 618 approbetur,
876 537 931 599 hac
941 540 1022 618 lege,

118 630 146 681 et
165 620 334 679 conditione
355 619 472 691 addita,
495 626 528 677 ut
547 618 715 696 exemplum
736 618 805 677 libri
831 616 1024 695 imprimendi

119 697 333 769 authenticum,
347 705 378 757 et
390 715 480 756 manu
497 697 623 756 auctoris
633 695 850 773 subscriptum,
865 693 944 774 apud
957 713 1024 754 exa-

118 778 289 836 minatorem
313 783 473 834 remaneat.

148 856 206 913 Eos
217 870 304 924 vero,
320 854 370 931 qui
384 852 498 912 libellos
509 851 724 930 manuscriptos
734 850 873 929 vulgant,
885 849 941 910 nisi
956 857 1025 908 ante

113 929 293 1000 examinati,
318 929 493 1008 probatique
516 930 651 1001 suerint,
675 928 778 988 iisdem
800 929 894 1006 poenis
918 926 1023 1004 subjici

112 1005 219 1068 debere
232 1005 403 1084 judicarunt
416 1011 514 1067 Patres
526 1007 658 1086 deputati
671 1050 679 1079 ,
696 1006 803 1083 quihus
816 1006 1025 1083 impressores3

112 1085 205 1176 etqui
224 1102 274 1145 eos
293 1083 472 1157 habuerint,
487 1094 515 1145 et
532 1085 676 1163 legerint,
698 1083 755 1143 nisi
774 1092 906 1143 auctores
922 1082 1025 1162 prodi-

111 1161 231 1236 derint,
248 1181 303 1240 pro
319 1162 487 1223 auctoribus
502 1160 679 1222 habeantur.

149 1243 217 1319 lpsa
239 1258 311 1298 vero
335 1239 504 1316 hujusmodi
527 1240 674 1299 librorum
694 1237 830 1316 probatio
853 1238 885 1295 in
909 1238 1026 1316 seriptis

111 1315 218 1389 detur,
233 1327 263 1377 et
283 1317 314 1376 in
328 1317 425 1377 fronte
441 1317 510 1377 libri
522 1362 530 1387 ‚
550 1316 596 1375 vel
617 1316 737 1393 scripti,
751 1315 798 1374 vel
810 1315 959 1392 impressi,
973 1334 1025 1374 au-

15 1405 16 1412 ’
111 1391 242 1455 theutice
259 1404 416 1474 appareat,
433 1396 649 1476 probatioque,
666 1401 696 1452 et
713 1410 856 1466 momen,
873 1409 906 1452 ac
922 1400 1024 1452 caetera

164 1473 202 1532 tis
214 1472 299 1532 fiant.

111 1487 296 1610 gaqmoem
311 1553 344 1607 in
363 1549 485 1638 singulis
499 1548 686 1619 civitatibus,
705 1565 739 1607 ac
754 1547 949 1618 dioecesibus,
969 1545 1024 1607 do-

112 1640 181 1682 mus
194 1669 202 1694 ,
217 1625 266 1683 vel
281 1625 337 1681 looi
349 1667 357 1694 ,
370 1625 422 1682 uhi
435 1645 481 1682 ars
495 1625 682 1702 impressoria
692 1633 846 1685 exercetur
858 1668 866 1696 ,
879 1634 909 1683 et
919 1623 1027 1684 biblio-

113 1696 206 1757 thecae
225 1700 373 1757 librorum
392 1701 542 1757 venalium
560 1702 664 1777 saepius
680 1703 838 1760 visitentur
859 1721 876 1759 e
892 1702 1027 1777 personis

114 1772 154 1830 ad
168 1774 198 1832 id
210 1773 386 1852 deputandis
403 1774 440 1831 ab
452 1775 614 1851 Episcopo,
631 1776 693 1833 sive
710 1774 773 1850 ejus
782 1777 921 1847 Vicnrio‚
939 1785 1027 1852 atque

113 1849 205 1910 etiam
215 1851 253 1910 ab
262 1850 439 1926 Inquisitore
447 1849 592 1910 heretice
600 1851 767 1929 pravitatis,
777 1859 811 1910 ut
820 1849 896 1909 nihil
903 1869 1007 1910 eorum
1018 1897 1027 1925 ,

110 1926 409 2063 fluffimhihfflwr’
430 1937 481 1988 aut
501 1928 712 2008 imprimatur,
729 1936 782 1989 aut
796 1927 963 2003 vendatur,
977 1938 1028 1990 aut

133 2022 149 2060 a
206 2014 266 2065 tur.

153 2082 263 2142 Omnes
284 2098 355 2142 vero
372 2081 507 2156 librarii,
534 2089 563 2143 et
589 2082 769 2163 quicumque
785 2083 933 2145 librorum
953 2101 1027 2144 ven-

112 2155 223 2220 ditores
244 2158 372 2219 habeant
387 2161 419 2221 in
438 2161 498 2220 suis
520 2159 706 2221 bibliothecis
729 2163 859 2223 indicem
879 2163 1027 2224 librorum

49 2291 53 2300 ‚
111 2239 283 2310 venalium,
305 2256 379 2316 quos
399 2237 529 2311 habent,
551 2258 620 2300 cum
642 2240 859 2320 subscriptione
880 2239 1026 2301 dictarum
1126 2305 1130 2312 ,

112 2330 309 2390 personarum
320 2338 329 2391 3
340 2335 393 2375 nec
406 2318 478 2377 alios
489 2316 582 2377 libros
594 2315 739 2390 habeant,
752 2328 803 2378 aut
815 2318 945 2379 vendant
955 2363 963 2391 ‚
975 2327 1027 2378 aut

112 2408 289 2471 quacunque
313 2394 427 2454 ratione
455 2393 594 2466 tradant,
620 2395 683 2454 sinc
707 2395 825 2458 licentia
850 2395 1025 2458 eorumdem

111 2466 347 2547 Deputatorum‚
369 2471 424 2532 sub
445 2490 531 2551 poenn
550 2472 714 2532 amissionis
732 2474 900 2546 librorum,
918 2482 948 2534 et
961 2473 1026 2532 aliis

111 2545 239 2608 arbitrio
264 2549 475 2626 Episcoporum
489 2593 496 2621 ,
510 2551 557 2610 vel
578 2550 791 2626 Inquisitorem
814 2548 1026 2630 imponendis,

111 2634 262 2702 emptores
282 2643 372 2697 vero,
393 2626 535 2702 lectores,
554 2628 602 2686 vel
619 2629 830 2706 impressores,
854 2626 1026 2690 eorumdem

109 2700 238 2776 arbitrio
255 2705 429 2780 puniantur.
728 2734 733 2745 ·

147 2779 238 2852 Quod
252 2781 275 2838 si
287 2780 377 2858 aliqui
388 2781 479 2842 libros
492 2798 684 2859 quoscunque
692 2781 725 2841 in
736 2783 774 2842 ali
818 2799 865 2844 am
877 2782 1025 2842 civitatem

111 2852 321 2929 introducent,
335 2868 492 2919 tencantur
512 2859 616 2919 iisdem
636 2861 769 2937 personis
805 2857 959 2936 eputandis
980 2873 1028 2915 re-

112 2936 252 2994 nuntiare
264 2955 273 3008 3
285 2935 332 2994 vel
346 2937 369 2994 si
387 2937 467 2996 locus
483 2938 618 3014 publicus
632 2937 778 2996 mercibus
791 2933 936 2994 e'usmodi
956 2949 1027 2990 oon-

111 3009 232 3070 stitutus
244 3011 300 3082 sit,
312 3012 440 3073 ministri
451 3014 560 3090 publici
581 3013 644 3089 ejus
663 3014 718 3072 loci
732 3030 751 3090 p
815 3010 880 3069 ictis
893 3010 1024 3086 personis

111 3085 279 3164 significent
291 3130 300 3157 ‚
313 3087 403 3148 libros
418 3107 479 3148 esse
492 3091 643 3149 adductos.

148 3166 248 3224 Nemo
265 3179 336 3222 vcro
355 3165 459 3222 audent
473 3165 607 3235 librum,
629 3181 717 3238 quem
730 3163 816 3238 ipse,
834 3162 880 3221 vel
899 3165 974 3224 alius
993 3167 1025 3225 in

112 3237 264 3302 civitatem
272 3238 451 3310 introduxit,
464 3240 550 3297 alicui
561 3239 720 3316 legendum
728 3237 842 3299 tradere
852 3285 860 3313 ,
870 3243 916 3302 vel
926 3243 1025 3334 aliqua

112 3318 229 3379 ratione
249 3316 399 3388 alienare,
423 3324 474 3374 aut
494 3314 700 3386 commodare,
724 3315 779 3374 nisi
807 3326 920 3380 ostenso
942 3339 1025 3398 prius

114 3388 208 3468 libro,
224 3401 255 3454 et
270 3393 369 3453 habite
382 3392 499 3453 licentia
517 3411 533 3450 a
549 3391 681 3471 personis
694 3391 885 3472 deputandis,
902 3407 953 3456 aut
965 3398 1023 3458 nisi

116 3475 230 3533 notorie
244 3479 376 3543 constet,
390 3471 502 3531 librum
514 3468 576 3549 jam
593 3487 654 3528 esse
666 3472 802 3532 omnihus
815 3474 1004 3552 permissum.

153 3547 236 3610 ldem
249 3568 368 3629 quoque
377 3557 511 3610 servetur
519 3549 555 3610 ab
565 3546 731 3611 heredibus
740 3594 748 3623 ,
757 3559 786 3610 et
798 3553 1029 3628 exequutoribus

875 3631 904 3689 2.
