2384 3942
524 189 698 230 tusruuerto.

586 346 602 428 g
621 351 674 407 111.

225 506 357 572 Inlibris
368 507 465 563 autem
477 501 695 563 Catholieorum
713 503 931 574 recentiorum,
950 505 1001 581 qui
1024 513 1089 584 post

148 589 151 597 '
184 603 297 644 annum
309 579 479 641 Christianos
496 581 597 640 salutis
620 600 698 640 unxv
714 581 869 658 conscripti
890 589 978 653 sunt,
995 583 1020 640 si
1033 585 1088 655 id,

206 661 264 722 uod
280 659 487 735 corrigendum
507 659 652 730 occurrit,
676 659 775 737 paucis
794 658 941 734 demptis,
965 669 1015 718 aut
1037 661 1089 720 ad-

185 682 253 799 Aius
267 780 276 809 ,
289 735 439 795 emendari
459 754 542 814 posse
569 736 720 810 videatur3
733 735 765 795 id
780 744 957 795 correctores
982 736 1089 798 sacien-

185 817 260 880 dum
274 820 378 872 curent
388 834 397 892 3
408 815 454 874 sin
470 815 569 874 minus
585 815 728 888 ,omnino
744 814 902 873 auferatur.

593 967 610 1049 p
629 969 680 1028 iv.

222 1126 256 1185 ln
270 1122 354 1184 libris
369 1132 468 1183 autern
484 1121 702 1184 catholicorum
720 1132 854 1185 ueterum
877 1123 952 1184 nihil
974 1129 1089 1182 mutare

183 1203 224 1261 sas
237 1203 286 1272 sit,
299 1201 356 1260 nisi
367 1202 430 1272 ubi,
441 1210 492 1260 aut
502 1201 603 1262 fraude
615 1201 838 1275 haereticorum,
850 1211 901 1262 aut
912 1199 1087 1281 typographi

187 1280 313 1350 incuria,
329 1280 498 1340 manifestus
513 1298 597 1340 error
619 1280 779 1356 irrepserit.

227 1357 256 1416 Si
271 1354 343 1434 quid
361 1366 460 1416 autem
485 1356 605 1434 majoris
617 1357 759 1416 momenti
772 1401 780 1428 ,
794 1364 824 1414 et
839 1354 1090 1414 animadversione

185 1433 310 1524 dignum
330 1434 507 1505 occurrerit,
521 1436 606 1494 liceat
618 1437 650 1492 in
673 1435 756 1493 novis
776 1433 973 1502 editionibus,
992 1433 1039 1490 vel
1053 1430 1090 1490 ad

184 1530 351 1590 margines,
366 1513 412 1571 vel
433 1513 464 1570 in
479 1510 597 1572 scholiis
612 1511 766 1585 adnotare,
780 1529 811 1570 ea
836 1511 866 1570 in
886 1510 990 1588 primis
1008 1507 1090 1568 adhi-

184 1588 246 1648 bita
263 1588 413 1666 diligentia
425 1634 432 1662 ,
448 1607 486 1648 an
499 1607 534 1648 ex
547 1590 700 1657 doctrina,
716 1590 845 1665 locisque
859 1588 987 1660 collatis,
1011 1585 1090 1665 ejus·

186 1666 255 1725 dem
274 1667 408 1727 Auctoris
432 1665 575 1726 sententia
595 1665 742 1728 difficilior
767 1667 933 1743 illustrari,
956 1684 989 1724 ac
1009 1683 1092 1724 mens

191 1742 254 1822 ejus
271 1744 386 1824 planius
399 1745 535 1824 explicari
551 1744 652 1824 possit.

595 1898 669 1978 gv.

238 2056 396 2132 Postquam
423 2053 514 2112 codex
538 2054 763 2129 expurgatorius'
789 2051 935 2111 confectus
957 2048 1033 2117 erit,
1059 2069 1093 2108 ao

188 2131 325 2189 mandato
339 2131 491 2207 Episcopi,
504 2138 534 2187 et
549 2130 733 2204 lnquisitoris
747 2131 924 2207 impressus,
939 2128 990 2203 qui
1000 2126 1091 2186 libros

186 2206 388 2285 expurgandos
395 2205 546 2266 habebunt
559 2251 566 2275 ,
579 2215 719 2283 poterunt
730 2207 766 2266 de
777 2205 949 2266 eorumdem
963 2204 1090 2274 licentia,

182 2283 267 2361 juxta
294 2285 420 2344 formam
444 2285 476 2343 in
499 2283 597 2344 codice
624 2284 780 2356 traditam,
801 2302 849 2343 eos
867 2281 1033 2358 corrigere,
1059 2298 1091 2337 ac

186 2378 327 2440 purgare.

366 2519 414 2577 or
436 2517 682 2578 rurnrssroua
701 2515 906 2577 nrancaun.

612 2670 629 2752 s
649 2673 672 2731 1.

226 2829 332 2890 Nullus
340 2829 415 2889 liber
427 2828 458 2888 in
470 2837 621 2906 posterum
632 2825 807 2896 excudatur,
822 2825 873 2904 qui
885 2842 947 2884 non
957 2825 989 2884 in
998 2823 1094 2884 fronte

187 2925 316 2976 nornen,
331 2925 514 2986 cognomen,
527 2915 557 2966 et
569 2906 693 2983 patriam
707 2905 840 2984 preferat
851 2903 996 2962 Auctoris.
1008 2901 1093 2976 Quod

187 2987 212 3045 si
239 2986 275 3045 de
299 2987 424 3046 Auctore
453 3002 514 3044 non
536 2991 670 3055 constet,
700 2992 750 3041 aut
770 2980 880 3059 justam
901 2980 1029 3056 aliquam
1055 2981 1093 3040 ob

187 3082 324 3132 causam,
343 3063 430 3124 tacito
453 3060 517 3139 ejus
533 3059 673 3131 nomine,
696 3060 857 3139 Episcopo,
873 3065 903 3116 et
923 3057 1093 3135 lnquisitori

188 3138 264 3198 liber
286 3141 332 3200 edi
348 3159 432 3232 posse
447 3140 602 3210 videatur,
617 3158 726 3199 nomen
745 3137 825 3197 illius
847 3136 968 3197 omnino
988 3135 1094 3194 descri-

189 3215 276 3276 batur
291 3260 298 3283 ,
312 3237 363 3292 qur
388 3220 500 3280 librum
525 3217 755 3287 examinaverit,
775 3225 863 3292 atque
878 3212 1093 3292 approbaverit.

230 3295 263 3352 ln
285 3291 415 3358 hisvero
440 3295 597 3388 generibus
621 3297 787 3364 librorum,
811 3293 862 3370 qui
884 3310 921 3349 ex
945 3291 1095 3349 variorum

190 3370 368 3450 scriptorum
381 3373 465 3434 dictis
479 3419 487 3448 ‚
502 3383 553 3434 aut
571 3375 713 3451 exemplis
725 3416 733 3442 ,
746 3380 797 3430 aut
811 3369 931 3430 vocibus
943 3365 1094 3456 compilari

190 3448 312 3520 solent,
338 3448 385 3522 is,
413 3452 464 3526 qui
493 3451 626 3510 lahorem
653 3446 831 3525 colligendi,
862 3453 891 3503 et
917 3443 1094 3521 compilandi
1184 3486 1185 3491 η

190 3526 371 3604 susceperit,
385 3545 439 3604 pro
457 3526 582 3587 Auctore
595 3526 747 3584 habeatur.
