2384 3942
368 219 509 261 XVII!
1060 222 1524 264 onsssnvAnolvES.

362 323 681 376 exercentes
696 313 1035 396 Astroloqiae
1047 314 1389 396 judiciariae
1412 325 1598 376 artem
1614 361 1631 390 ,
1663 324 1719 375 et
1742 315 1867 378 alia
1882 336 2173 400 quaecum-

362 412 473 474 que
509 392 943 455 divinationum
974 411 1187 473 qenera
1210 439 1227 467 ,
1260 390 1548 474 librosque
1572 391 1640 453 de
1667 394 1750 453 eis
1787 391 1838 453 le
1876 405 2063 474 entes,
2105 419 2172 458 ae

364 479 651 546 tenentes,
677 468 917 551 promul
955 478 1089 544 ata,
1133 469 1241 531 sub
1267 474 1412 530 Dat.
1453 474 1653 533 Romae
1695 491 1733 529 a
1775 490 1815 529 u
1892 475 2171 535 Sanctum
2222 510 2224 513 ·

360 551 643 623 Petrum,
686 548 859 605 Anno
921 557 1192 606 noarnat.
1236 549 1484 608 Domini
1520 549 1698 608 MDL
1764 549 1956 609 XXV
1974 554 2171 613 Nonis

360 627 651 688 Ianuarii
671 668 691 699 ,
723 622 1112 704 Pontificatus
1138 626 1237 685 sui
1262 625 1434 685 Anno
1454 626 1675 707 prim0.
1979 664 1985 684 .

619 798 689 838 DE
725 798 992 839 TnAumn
1013 824 1029 854 ‚
1056 799 1122 839 ΕΤ
1149 798 1295 841 ALnS
1324 800 1503 841 unlus
1532 798 1904 840 HEBRAEORUM.

440 935 722 1009 Quamvis
744 935 809 996 in
826 932 1027 994 Indice
1034 932 1305 1016 praedicti
1321 935 1424 996 Pii
1435 938 1619 1017 Papae
1638 937 1853 1011 Quarti
1880 933 2171 997 Thalmud

357 1011 736 1072 Hebraeorum
750 1058 767 1087 ,
818 1011 1054 1092 ejusque
1088 1010 1295 1093 qlossae
1317 1058 1337 1089 ,
1388 1014 1793 1073 annotationes
1810 1058 1830 1089 ,
1881 1014 2169 1094 interpre-

357 1090 601 1149 tationes
616 1135 635 1165 ,
665 1098 720 1149 et
743 1089 1124 1170 expositiones
1149 1108 1346 1150 omnes
1369 1089 1787 1170 prohibeantur
1799 1114 1822 1166 ,-
1849 1089 1948 1150 sed
1971 1091 2128 1172 quod
2144 1137 2163 1167 ,

354 1167 411 1227 si
453 1165 664 1259 absque
694 1167 926 1227 nomine
961 1163 1281 1242 Thalmud,
1328 1175 1383 1226 et
1431 1168 1556 1227 sine
1595 1166 1872 1247 injuriis,
1916 1175 1972 1227 et
2005 1165 2169 1228 calu-

353 1244 534 1303 mniis
559 1263 626 1305 in
642 1241 997 1325 Reliqionem
1020 1243 1421 1304 Christianam
1437 1240 1757 1325 aliquando
1768 1242 2129 1324 prodiissent
2143 1291 2162 1321 ,

356 1317 742 1381 tolerarentur
769 1341 788 1375 .·
817 1322 961 1403 quia
986 1331 1178 1382 tamen
1200 1321 1615 1382 Sanctis-simus
1634 1322 1929 1382 Dominus
1953 1324 2168 1383 Noster

353 1399 647 1459 Dominus
677 1395 935 1458 Clemens
964 1402 1140 1479 Papa
1175 1401 1333 1460 VIII
1350 1417 1459 1479 per
1484 1416 1657 1458 suam
1686 1398 2167 1459 Constitutionem

353 1484 558 1535 eontra
611 1476 798 1556 impia
836 1477 1088 1556 scripta,
1134 1485 1191 1535 et
1228 1473 1405 1536 libros
1448 1474 1829 1535 Hebraeorum
1869 1475 1973 1536 sub
2015 1480 2162 1536 Dat.

351 1554 551 1614 Romae
594 1551 754 1634 apud
789 1554 1070 1613 Sanctum
1109 1556 1356 1613 Petrum
1379 1553 1551 1612 Anno
1584 1555 1889 1612 Incarnat.
1919 1554 2168 1615 Domini

351 1632 699 1706 MDXCII,
741 1628 932 1712 pridie
971 1626 1112 1690 Kal.
1154 1631 1404 1705 Martii,
1447 1628 1837 1710 Pontificatus
1874 1630 1971 1690 sui
1994 1632 2167 1693 Anno

350 1707 597 1769 secundo
623 1754 642 1784 ,
670 1704 801 1770 illos
823 1708 1158 1789 prohibuit,
1191 1715 1364 1788 atque
1384 1706 1693 1769 damnavit
1723 1731 1744 1766 .·
1788 1726 1953 1768 mens
1980 1708 2166 1790 ipsius

351 1804 471 1845 non
501 1795 617 1862 est,
663 1804 756 1847 eos
777 1794 1084 1867 propterea
1120 1781 1417 1845 ullatenus
1453 1785 1631 1844 etiam
1664 1784 1771 1845 sub
1808 1781 1930 1845 illis
1969 1785 2167 1847 eondi-

352 1864 606 1927 tionibus
638 1862 1052 1944 permittendi,
1096 1872 1206 1922 aut
1231 1859 1517 1922 tolerandi
1537 1885 1552 1899 ·
1588 1860 1686 1921 sed
1715 1858 2044 1950 specialiter
2112 1870 2168 1922 et

349 1959 612 2022 expresse
629 1941 869 2014 statuit,
889 1949 945 2000 et
957 1939 1084 2000 vult
1099 1984 1116 2013 ,
1135 1947 1205 1997 ut
1216 1937 1324 2018 huj
1328 1906 1558 1996 usmod’i
1574 1937 1741 2016 impii
1769 1907 2158 2024 Thulin-adici,

352 2016 689 2078 Cabalistici
712 2062 730 2092 ‚
784 2013 894 2076 alii
931 2035 1001 2075 ue
1048 2013 1273 2093 nefarii
1316 2012 1697 2072 Hebraeorum
1742 2008 1882 2072 libri
1922 2014 2166 2075 omnino

347 2093 656 2166 damnati,
700 2101 757 2151 et
791 2111 904 2172 pro
949 2092 1076 2152 ibiti
1112 2098 1427 2164 maneant,
1473 2089 1529 2148 et
1556 2096 1902 2149 censeantur
1916 2113 1939 2164 ,-
1987 2099 2160 2171 atque

347 2189 521 2251 super
543 2171 657 2243 eis,
702 2176 760 2227 et
785 2166 920 2230 aliis
949 2166 1115 2229 libris
1143 2165 1484 2246 hujusmodi
1501 2165 1782 2246 proedicta
1812 2166 2159 2227 Constitutio

342 2255 618 2328 perpetuo
636 2290 656 2321 ,
684 2254 740 2307 et
763 2243 1175 2308 inviolabiliter
1198 2244 1546 2306 observetur.

968 2421 1039 2462 ΒΕ
1072 2420 1235 2463 Lumo
1261 2419 1539 2462 uAeAzon.

422 2557 516 2618 Ad
553 2556 672 2618 h-aec
709 2557 901 2618 sciant
931 2557 1241 2639 Episcopi,
1286 2554 1627 2630 ordinarii,
1676 2562 1733 2614 et
1769 2554 2154 2636 Inquisitores

345 2632 601 2696 locorum
615 2680 633 2710 ‚
656 2631 871 2695 librum
886 2639 1176 2717 Maqazor
1189 2637 1254 2694 H
1252 2634 1571 2696 ebroeorum
1580 2678 1598 2708 ‚
1624 2632 1731 2713 qui
1748 2632 2155 2715 eontinetpar-

348 2722 459 2773 tem
483 2709 805 2794 officiorum
831 2721 887 2772 et
904 2715 1387 2773 coeremoniarum
1409 2711 1672 2792 ipsorum
1688 2753 1707 2783 ,
1734 2718 1789 2768 et
1809 2710 2152 2791 Synayoyae,

344 2791 686 2853 Lusitanica
705 2834 723 2864 ‚
768 2791 1124 2869 Hispanica,
1169 2786 1399 2850 Gallica
1422 2834 1440 2864 ‚
1474 2787 1861 2859 Germanica,
1897 2783 2108 2847 Italica
2131 2832 2149 2862 ‚

343 2878 452 2928 aut
473 2868 682 2951 quavis
709 2863 832 2927 alia
867 2863 1102 2948 vulyari
1142 2863 1187 2926 li
1270 2885 1387 2940 ua,
1427 2872 1827 2946 praeterquam
1865 2862 2114 2925 Hebraea
2134 2911 2150 2940 ,

345 2945 560 3006 ‹wts‘sum
573 2993 590 3022 ,
604 2943 845 3026 jamdiu
862 2962 931 3003 ex
953 2885 1434 3026 speciattndecreto
1453 2936 1876 3002 rationabiliter
1891 2940 2157 3020 prohibi-

349 3034 465 3082 tum
497 3043 634 3084 exse.
659 3022 879 3084 Idcirco
891 3019 1247 3102 provideant
1264 3066 1281 3095 ,
1308 3016 1480 3080 illum
1498 3015 1839 3092 nullatenus
1904 3021 2151 3098 ermitti,

345 3110 445 3154 ma
481 3098 711 3162 aaran·
731 3099 963 3174 debere,
1000 3098 1121 3160 nisi
1137 3098 1429 3160 Hebrai‘ca
1464 3095 1671 3179 linqua
1701 3116 1831 3179 prae
1872 3099 2007 3158 icta.
