2384 3942
441 180 555 223 llliGllbAE
571 181 685 224 lttnlots.
962 187 1014 228 Xlll

146 267 305 346 Regularcs
325 283 415 339 vero,
441 266 557 326 nonnisi
584 267 720 327 facultate
745 285 762 324 a
797 268 925 328 Pmlatis
955 270 1015 330 suis

107 343 233 417 habita,
252 363 284 404 ea
302 345 422 423 legere,
446 353 497 403 aut
517 363 617 404 emere
640 345 763 424 possint.

460 525 608 586 Resona
624 526 661 586 V.

148 696 225 758 Libri
242 673 312 771 illi,
333 700 385 774 qui
409 694 616 756 haereticorum
637 696 797 756 bustorum
813 715 901 776 opera
921 698 1015 757 inter-

111 774 177 836 dum
203 777 376 855 prodeunt,
403 774 435 833 in
457 774 686 864 quibus-nulla,
708 782 759 865 aut
782 794 873 853 paura
888 775 936 865 ‘dc
960 794 1014 865 suc

109 861 296 992 lillis
315 850 630 992 ⁵⁰t¹nltlllbl¹⁰l
652 853 1014 991 tlttlrtltllll

106 949 246 1080 Ques,
268 976 400 1080 lnilices,
421 1015 451 1066 et
468 948 711 1097 'hujusnodlzpsi
731 948 942 1098 quffffffln,
962 1008 1014 1069 ad-

106 1087 216 1158 mixta,
236 1106 302 1164 quae
324 1093 534 1164 exnnrgauone
552 1084 722 1163 indigeant,
740 1085 798 1144 illis
816 1086 969 1166 Episcopi,
984 1095 1015 1146 et

107 1164 292 1241 lnquisitoris
303 1183 344 1238 ,u
375 1183 380 1204 ¹
400 1180 467 1222 rum
481 1161 700 1241 Theologorum
713 1159 929 1223 Catholicorum
944 1183 1013 1225 con-

32 1253 35 1258 *
105 1241 171 1302 silio
191 1242 333 1316 sublatis,
380 1250 410 1300 ut
432 1239 618 1313 emendatis,
637 1240 857 1319 permittantur.

447 1411 596 1472 nasuta
619 1412 670 1474 vl.

145 1577 226 1637 Libri
244 1577 359 1653 vulgari
377 1576 516 1636 idiomate
533 1575 571 1636 de
588 1575 796 1636 controversiis
817 1575 895 1635 inter
907 1573 1013 1635 Catho-

104 1653 201 1722 licos,
226 1660 255 1710 et
279 1653 435 1709 llaereticos
454 1655 546 1712 nostri
567 1653 708 1729 temporis
730 1654 926 1725 disserentes,
952 1669 1013 1712 non

106 1729 217 1804 passim
240 1726 469 1804 permittantur,
488 1728 537 1785 sed
556 1727 635 1785 idem
655 1727 692 1784 de
710 1730 745 1788 iis
764 1738 914 1800 servetur,
935 1729 1015 1803 quod

106 1804 145 1862 de
163 1803 266 1863 Bibliis
288 1801 401 1880 vulgari
422 1801 522 1879 lingua
542 1803 657 1879 scriptis
680 1811 822 1864 statutum
843 1812 896 1862 est.

147 1880 204 1952 Qui
225 1898 297 1940 vero
317 1879 353 1938 de
374 1879 488 1939 ratione
511 1878 585 1939 bene
608 1879 750 1953 vivendi,
773 1878 1014 1958 contemplandi,

104 1956 285 2029 confitendi,
315 1976 348 2016 ac
366 1957 511 2016 similibus
539 1957 720 2096 arpumentis
741 1958 855 2036 vulgari
879 1976 1017 2018 sermone

104 2036 262 2114 conscripti
285 2044 373 2106 sunt,
395 2035 419 2093 si
444 2042 543 2094 sanam
586 2035 730 2104 cetrinam
741 2036 932 2109 contineant,
953 2054 1014 2097 non

103 2121 148 2172 est
168 2131 221 2172 cur
250 2112 481 2204 prohibeantur3
505 2114 578 2174 sicut
607 2132 662 2172 nec
684 2117 834 2174 sermones
856 2114 1014 2193 populares

103 2191 154 2250 vul
175 2191 218 2250 ari
242 2192 285 2250 lin
306 2209 342 2249 ua
361 2187 465 2250 babiti.

144 2209 231 2340 {nod
253 2268 276 2328 si
287 2208 452 2336 quaetenus,
472 2268 503 2328 in
519 2268 619 2346 aliquo
638 2286 749 2347 regno,
770 2269 819 2328 vel
838 2270 1011 2347 provincia,

104 2345 196 2422 aliqui
214 2344 282 2405 libri
297 2354 366 2405 sunt
379 2343 540 2425 prohibiti,
562 2345 641 2424 quod
663 2347 803 2407 nonnulla
822 2349 1011 2417 contineant,

104 2441 170 2500 que
194 2424 258 2483 sine
281 2422 393 2483 delectu
421 2422 457 2482 ab
482 2425 619 2484 omnibus
641 2424 697 2503 legi
721 2443 781 2484 non
806 2426 961 2504 expediat3
986 2427 1011 2485 ai

105 2517 209 2559 eorum
231 2501 371 2561 Auctores
397 2499 536 2561 Catholici
564 2509 656 2572 sunt,
682 2512 836 2580 postquam
864 2505 1010 2564 emendati

103 2575 233 2650 fuerint,
251 2578 381 2656 permitti
396 2578 433 2637 ab
447 2580 607 2658 Episcopo,
622 2588 652 2638 et
665 2580 842 2657 Inquisitore
856 2586 1009 2657 poterunt.

435 2751 583 2810 REGULA
609 2751 674 2808 Vll.

142 2911 246 2984 Libri,
269 2914 320 2990 qui
345 2933 392 2975 res
416 2917 554 2988 lascivas,
581 2934 632 2975 scu
661 2914 798 2974 obscenas
827 2931 863 2971 ex
882 2910 1011 2987 professo

102 2996 247 3061 tractant,
268 3002 407 3064 narrant,
427 3003 477 3053 aut
494 2994 619 3064 docent,
639 3011 707 3052 cum
722 3011 784 3050 non
806 2989 903 3048 solum
919 2985 1009 3060 fidei,

101 3066 152 3126 sed
176 3074 207 3122 et
226 3084 366 3139 morum,
390 3072 441 3146 qui
461 3068 632 3145 hujusmodi
658 3070 805 3127 librorum
826 3063 950 3123 lectione
967 3065 1010 3124 fa-

100 3145 156 3204 cile
176 3144 327 3219 corrumpi
347 3146 548 3214 solent,rati0
568 3145 703 3204 habenda
722 3143 778 3211 sit,
798 3139 920 3200 omnino
939 3161 1008 3223 pro-

100 3221 264 3295 hibentur,
292 3220 389 3296 etqui
416 3238 465 3280 cos
489 3219 665 3291 habuerint,
685 3235 784 3277 severe
803 3218 840 3278 ab
861 3219 1009 3299 Episcopis

122 3299 276 3358 uniantur.
600 3323 604 3330 ·

101 3319 121 3378 p
141 3376 265 3454 Antiqui
294 3393 365 3434 vero
390 3373 427 3433 ab
452 3371 583 3436 Ethnicis
607 3373 782 3452 conscripti,
803 3383 927 3454 propter
946 3393 1008 3436 ser-

101 3454 199 3512 monis
220 3453 413 3531 elegantiam,
439 3461 468 3512 ct
492 3451 723 3542 proprietatem,
757 3455 973 3531 permittuntur
996 3474 1004 3510 ε

102 3527 184 3589 nulla
205 3537 303 3589 tamen
321 3529 434 3590 ratione
451 3548 550 3610 pueris
576 3529 750 3608 praelegendi
776 3540 876 3667 erupt.
